3196 4634
593 241 767 303 ..41-

129 393 206 455 supra
225 380 439 466 exhibuimus,
460 383 609 446 ordinem
631 391 707 447 ante
731 385 842 448 oculos
862 390 1086 473 proposueris,
1108 392 1176 454 iam
1196 406 1261 453 non

129 479 234 547 dubium
255 489 318 550 erit
341 490 415 573 tibi,
442 492 523 570 quin
546 491 717 554 uallares
748 496 877 555 tautum
905 494 1021 558 valere
1046 498 1190 577 potuerit
1218 472 1269 560 ad'

95 593 338 669 „commutandos
360 597 639 678 Pompeianorum
661 599 788 661 animos
807 600 906 679 psulo
931 606 1008 664 ante
1028 604 1196 686 superbia,
1212 605 1260 665 in-

127 695 250 782 solentia,
273 702 349 766 odio
373 700 529 768 Caesaris
554 709 731 788 tumentes,
757 705 800 768 ad
824 709 987 770 terrorem
1009 711 1159 774 omnibus
1182 712 1263 773 belli

126 805 258 870 acerrime
279 811 421 890 parandi
440 810 578 875 ducibus
597 812 869 894 principibusque
888 814 1104 899 iniciendum,
1123 816 1166 879 ad
1188 837 1263 899 pro-

126 909 259 987 pulsanda
269 916 410 999 denique
425 918 486 980 illa
500 939 590 981 vana
606 921 737 982 somnis
747 919 884 1001 Pompei
900 922 968 983 suis
982 921 1168 1003 legionibus
1184 921 1264 993 Cae·

129 1017 191 1079 saris
212 1041 339 1086 manum
359 1026 394 1086 in
420 1026 563 1107 vestigio
585 1027 746 1108 temporis
761 1026 949 1090 deleturum
965 1047 1001 1091 se
1024 1047 1096 1092 esse
1108 1031 1262 1113 gloriati,

130 1130 255 1199 quantum
268 1130 316 1212 id,
342 1131 429 1213 quod
444 1133 578 1194 circiter
598 1153 629 1195 a.
646 1131 679 1195 d.
697 1133 746 1194 III
760 1134 832 1208 (vel
846 1134 971 1214 pridie)
991 1133 1069 1197 Idus
1088 1136 1263 1199 Ianuarias

129 1234 292 1312 necopinato
311 1238 456 1301 Romam
472 1239 611 1301 allatum
631 1245 695 1321 est,
710 1237 890 1303 Caesarem
904 1241 1058 1304 inimicos
1076 1261 1152 1305 suos
1167 1261 1262 1323 prae·

132 1337 227 1404 recisse
250 1363 428 1427 eorumque
453 1348 560 1409 mines
589 1346 704 1408 irritas
728 1348 893 1408 facturum
921 1347 1095 1412 Rubicone
1125 1348 1264 1412 traiecto

133 1439 175 1506 icn
193 1454 403 1533 occupavisse
427 1453 616 1515 Ariminum
645 1456 693 1532 (s.
719 1453 752 1516 d.
780 1454 828 1515 VI
850 1454 905 1516 vel
933 1455 963 1514 V
987 1454 1065 1517 Idus
1095 1456 1261 1535 Ianuar).

133 1546 282 1623 denuntio
307 1561 502 1642 necopinato
526 1580 720 1642 oppressum
749 1561 944 1642 Pompeium
970 1562 1149 1625 adductum
1178 1582 1263 1645 esse,

131 1662 152 1717 ct
167 1680 228 1726 cum
250 1643 394 1732 Caesare
419 1668 460 1733 de
484 1689 568 1752 pace
593 1689 692 1751 agere
716 1670 919 1751 institueret,
947 1671 1018 1750 quis
1042 1677 1094 1733 est
1121 1672 1177 1752 qui
1201 1690 1266 1734 non

129 1770 268 1836 coumdat‘?
292 1774 415 1856 Magno
430 1776 519 1838 enim
544 1795 644 1857 opere
659 1777 777 1857 miror,
794 1775 960 1857 quomodo
974 1776 1102 1858 Langia
1124 1778 1159 1838 in
1174 1796 1264 1840 men·

128 1872 172 1935 ten
196 1882 322 1944 venerit
350 1882 548 1945 contendere
560 1879 614 1965 ³⁸),
645 1883 843 1964 Pompeium
870 1902 937 1945 non
965 1884 1070 1965 prius,
1101 1904 1201 1965 quam
1225 1903 1266 1946 ex

124 1979 181 2046 urbe
192 1986 407 2071 discessisset,
423 1991 554 2053 misisse
571 1991 772 2073 Ariminum,
797 1991 855 2070 qui
872 2010 933 2052 sua
947 1990 1107 2053 mandata
1126 1989 1264 2055 adene-

126 2102 203 2155 serem
227 2097 427 2175 perferrent.
454 2096 499 2158 Ac
523 2096 691 2160 discessus
721 2116 763 2160 ex
787 2098 867 2160 urbe
893 2117 925 2159 a.
956 2096 989 2160 d.
1015 2097 1097 2159 XIV
1121 2103 1154 2160 et
1182 2098 1264 2159 XIII

127 2189 262 2265 Kalendas
291 2203 494 2267 Februarias
525 2206 632 2266 factus
657 2210 725 2268 est!
756 2205 802 2266 Ac
829 2204 975 2267 Roscius
1005 2211 1038 2267 et
1067 2204 1105 2267 L.
1137 2202 1264 2268 Caesar

68 2434 69 2439 ¹
124 2417 158 2474 καί
170 2423 254 2500 φόβος
273 2426 334 2493 οἶος
352 2426 432 2484 οόπιυ
453 2426 605 2501 πρότερον,
627 2429 714 2494 εὐθὺς
731 2428 784 2499 μέν
813 2428 940 2503 ὴβουλὴ
960 2427 1102 2501 φερομένη
1123 2429 1196 2503 πρὸς
1214 2428 1265 2487 τὸν

123 2526 246 2604 Πομπήϊον
277 2533 431 2608 συνέτρεχε
449 2557 478 2593 κ.
499 2558 526 2592 τ.
547 2540 710 2610 λ.-Αρφ.
732 2539 772 2608 Π,
793 2541 842 2597 36:
870 2539 887 2608 ἧ
916 2557 947 2594 τε
970 2537 1040 2607 dcte
1063 2539 1165 2611 βουλή,
1186 2536 1265 2610 παρὰ

120 2630 185 2700 δόξαν
204 2641 299 2709 αὐτοῖς
318 2642 413 2710 ὀξείας
431 2652 481 2715 της
500 2643 624 2717 ἐσβολῆς
643 2653 694 2701 τοῦ
715 2643 866 2718 Καίσαρος
888 2643 1052 2717 γενομένης,
1079 2644 1264 2703 ἐδεδοίκεσαν

68 2780 70 2793 .
119 2738 150 2798 έτι
165 2745 237 2815 όντες
255 2748 467 2824 ἀπαράσκευοι,
488 2751 539 2809 καὶ
567 2752 619 2810 σὺν
649 2752 786 2825 ἐκπλήξει
803 2753 958 2825 μετενόουν
979 2754 1011 2811 ori
1038 2752 1187 2824 δεξάμενοι
1215 2751 1266 2820 τὰς
1308 2736 1312 2753 ’

68 2804 70 2939 ί
116 2849 244 2928 Καίσαρος
261 2860 445 2931 προκλήσεις,
467 2858 534 2917 τότε
551 2859 719 2930 νομίζοντες
737 2857 811 2918 εἶναι
831 2853 945 2928 δικαίας
968 2862 1015 2919 dte
1045 2870 1120 2934 σφοῖς
1139 2862 1154 2918 ὁ
1175 2860 1266 2936 φόβος

68 2946 70 3039 ί
117 2949 140 3019 ἒς
153 2958 182 3015 τό
198 2959 332 3037 εόβονλον
353 2962 411 3021 ἀπὸ
425 2963 653 3037 τοῦ-φιλονείκου
666 2965 832 3040 μετέφερεν.
850 2965 959 3039 τέρατά
973 2988 1003 3024 τε
1017 2968 1115 3033 αὐτοῖς
1128 2966 1266 3024 ἐπέπιπτε

68 3052 77 3147 ί,
115 3064 191 3123 πολλὰ
207 3069 255 3127 καί
274 3077 377 3142 σημεῖα
395 3071 526 3145 οὐράνια·
548 3071 618 3143 αἷμά
637 3094 668 3130 τε
686 3072 741 3147 γὰρ
761 3073 859 3141 έδοξεν
881 3075 899 3131 ό
917 3074 985 3141 θεὸς
1002 3072 1081 3145 ὗσαι,
1102 3073 1154 3132 καὶ
1175 3072 1266 3140 ξόανα

69 3184 71 3255 J
117 3164 224 3247 ἶὸνῶσαι,
243 3178 294 3235 καὶ
312 3179 450 3252 κεραυνοί
464 3186 561 3237 πεσεῖν
577 3179 625 3237 ἐπὶ
643 3179 713 3246 νεὼς
732 3178 867 3252 πολλούς,
888 3181 939 3238 καὶ
960 3177 1078 3252 ἡμίονος
1092 3189 1198 3236 τεκεῖν·
1218 3178 1266 3236 σίλ-

68 3258 70 3319 i
117 3280 146 3334 λα
159 3301 184 3338 τε
199 3285 291 3343 πολλὰ
310 3292 436 3360 δυσχερῆ
455 3289 650 3361 προεσήμαινε
664 3289 716 3359 τὴν
736 3287 765 3354 ές
784 3285 828 3345 ἀεὶ
840 3285 1054 3359 της-πολιτείας
1073 3283 1221 3360 ἀναίρεσίν
1236 3308 1267 3344 τε

68 3382 70 3417 ³
119 3385 156 3442 καὶ
169 3395 335 3468 μεταβολήν.
357 3394 439 3466 εὐχαὶ
455 3395 487 3452 δέ
506 3394 543 3462 ὡς
562 3394 611 3452 ἐπὶ
629 3402 766 3469 φοβεροῖς
778 3393 1014 3468 προυγράφοντο,
1031 3392 1113 3450 καὶὸ
1133 3400 1221 3465 δῆμος
1236 3393 1267 3450 έν

121 3497 265 3569 triscurria
286 3500 402 3575 Μαρίου
424 3502 475 3559 καί
492 3500 596 3560 zerra
624 3512 724 3561 κακῶν
752 3501 922 3576 γιγνόμενος
950 3500 1101 3574 ἐκεκράγει
1131 3500 1267 3574 Καίσαρα

124 3601 156 3658 καὶ
170 3610 315 3680 Πομπήιον
331 3607 502 3668 ἀποθέσθαι
517 3609 568 3676 τὰς
584 3609 754 3676 δυναστείας
772 3609 810 3677 ὡς
828 3609 859 3666 έν
874 3613 949 3688 τῷδε
966 3607 1047 3688 μόνῳ
1062 3618 1113 3666 τοῦ
1138 3606 1266 3679 πολέμου

122 3708 304 3788 λυθησομένου,
325 3715 461 3789 Κικέρων
481 3715 578 3774 δὲκαὶ
599 3715 721 3787 πέμπειν
742 3717 771 3783 ές
785 3715 922 3788 Καίσαρα
937 3713 1122 3782 διαλλακτάς.
1139 3719 1183 3776 De
1201 3720 1269 3788 ipsa
1314 3744 1318 3747 ·

120 3810 239 3888 legacione
257 3827 291 3883 L.
312 3825 450 3884 Caesaris
469 3831 498 3883 et
516 3825 615 3884 Roscii
636 3840 730 3897 neque
749 3825 902 3897 Appianns
922 3840 976 3882 nec
996 3824 1174 3883 Plutarchus
1190 3836 1278 3881 men-⁸

116 3920 207 3995 tionem
225 3931 333 3991 faciunt
352 3950 482 3992 summae
502 3934 639 3992 brevitati
659 3934 830 3993 servientes.

143 4035 175 4109 θ’)
190 4040 297 4114 Lange,
317 4043 401 4102 Rom.
423 4043 551 4101 Altertb.
572 4043 627 4112 ΙΙΙ,
647 4047 710 4101 401.
