3196 4634
649 264 824 323 -63-

139 411 271 490 opera],
297 408 416 489 inquit,
444 402 568 468 Caesar
591 405 640 467 ita
665 403 934 483 administrabat,
961 406 998 462 ut
1021 400 1235 463 condiciones
1259 419 1316 480 pa·

142 517 192 578 cis
217 513 433 577 dimittendas
460 532 525 575 non
555 511 778 592 existimaret,
805 529 843 571 ao
869 509 1003 570 tametsi
1031 525 1235 588 magnopere
1260 505 1315 568 ad-

139 622 341 703 mirabatur,
368 620 528 700 Magium,
554 637 652 700 quem
677 616 720 678 ad
743 616 940 697 Pompeium
964 634 1039 676 cum
1063 613 1231 676 mandatis
1256 612 1317 675 mi-

138 733 245 809 serat,
273 726 316 788 ad
340 745 374 788 se
398 744 462 787 non
491 724 631 805 remitti,
662 728 760 804 atque
790 741 830 784 ea
857 739 911 794 res
941 739 1041 801 saepe
1071 723 1232 800 temptata
1255 719 1316 781 etsi

137 837 287 916 impetus
312 835 384 897 eius
410 833 617 911 consiliaque
643 830 809 912 tardabat,
838 835 951 907 tamen
979 829 1132 891 omnibus
1157 827 1263 889 rebus'
1281 828 1316 888 in

138 962 178 1006 eo
202 940 485 1023 perseverandum
509 936 669 1021 putabatl
685 935 799 1017 (Caes.
817 938 846 1019 I,
864 937 919 1018 26,
936 939 985 1015 2).
997 973 1036 981 —
1048 938 1177 1016 Quanta
1192 934 1313 996 discre-

135 1049 254 1130 pantia
277 1052 368 1109 extat
391 1048 476 1108 inter
500 1047 583 1108 haec
607 1035 764 1108 Caesaris
790 1044 893 1106 verba
909 1050 1008 1123 atque
1032 1061 1083 1123 ea,
1115 1059 1198 1121 quae
1222 1040 1310 1104 idem

137 1157 175 1216 in
200 1154 344 1235 epistola
367 1151 579 1234 adepium
604 1158 638 1214 et
660 1151 801 1213 Balbum
826 1149 906 1212 data
934 1148 1038 1230 (apud
1062 1147 1147 1230 Cic,
1175 1148 1228 1210 ad¹
1243 1147 1311 1209 Att.

136 1261 203 1344 IX,
221 1261 263 1323 13
280 1262 323 1343 A,
339 1261 376 1340 1)
399 1261 536 1322 faciens:
565 1259 775 1344 ,Pompeius,
801 1258 920 1337 inquit.¹
943 1263 994 1319 est
1012 1255 1195 1318 Brundisii:
1223 1244 1315 1316 misit

136 1369 183 1432 ad
208 1388 259 1430 me
284 1368 327 1431 N.
359 1366 570 1449 Magiumde
603 1385 699 1448 pace,
731 1384 815 1447 quae
840 1366 916 1429 visa
945 1371 1022 1426 sunt
1049 1359 1226 1445 respondil
1252 1363 1310 1440 (of.

136 1477 210 1542 Cic.
229 1477 271 1540 ad
296 1478 365 1541 Att.
383 1478 446 1559 IX,
461 1478 518 1558 13,
535 1477 587 1555 8)!
615 1477 782 1538 Hotinann
807 1475 939 1556 quidem
963 1476 1021 1554 (ad
1045 1472 1143 1537 Caes
1161 1474 1189 1551 I,
1206 1474 1260 1552 26,
1279 1474 1315 1551 2)

136 1606 214 1649 earn
239 1584 502 1665 discrepantiam
527 1585 576 1645 ita
600 1584 773 1664 explicare
797 1589 948 1665 conatur,
975 1589 1010 1644 ut
1034 1568 1217 1643 verisimile
1241 1599 1314 1643 esse

137 1693 232 1756 dicat
256 1692 403 1773 Magium
424 1712 444 1754 a
462 1689 608 1754 Caesare
633 1696 767 1773 captum
789 1696 886 1772 atque
908 1690 1122 1753 Brundisium
1141 1688 1313 1751 dimissum

137 1819 214 1861 cuin
238 1799 375 1879 Pompei
399 1797 567 1860 mandatis
602 1798 742 1860 adeum
772 1798 950 1860 revertisse
979 1798 1115 1877 eiusque
1143 1796 1312 1876 responsis

139 1905 185 1967 ad
207 1906 301 1966 illurn
326 1905 464 1986 perlatis
485 1906 519 1965 in
539 1905 660 1986 oppido
682 1910 847 1967 retentum
869 1904 962 1985 pacis
981 1905 1221 1966 internuntium
1241 1921 1313 1965 esse

139 2010 319 2074 destitisse,
355 2011 419 2074 Sed
453 2020 565 2073 tamen
598 2011 793 2073 Hofmannii
827 2011 1008 2091 explicatio
1041 2029 1159 2091 parurn
1189 2008 1231 2071 ad
1259 2029 1311 2089 ea,

138 2137 225 2198 quae
247 2118 448 2199 quaerimus,
469 2118 633 2198 proficere
654 2115 910 2198 difficultatique
929 2117 1065 2178 minime
1084 2115 1211 2178 mederi
1230 2116 1313 2177 mihi

135 2224 296 2301 videtur„
310 2227 395 2290 Nam
419 2226 471 2287 fac
494 2226 642 2305 Magium
664 2224 862 2307 aPompeio
883 2222 925 2285 ad
945 2220 1125 2285 Caesarem
1145 2229 1312 2303 postremo

134 2333 310 2394 remissum
326 2351 391 2393 non
406 2350 489 2413 esse,
507 2332 599 2393 cuius
614 2332 664 2393 rei
679 2332 791 2392 varias
807 2331 909 2391 fuisse
926 2349 1043 2391 causas
1060 2330 1214 2392 existimo
1227 2325 1311 2407 ¹⁵⁹)-

135 2439 198 2500 hoc
224 2433 363 2499 Caesari
388 2440 500 2519 utique
525 2438 608 2499 vitio
632 2436 825 2499 vertendum
854 2443 916 2517 est,
947 2435 1033 2518 quod
1057 2437 1091 2496 in
1115 2441 1313 2498 commenta·

135 2545 198 2605 riis
225 2545 359 2606 omnino
389 2544 536 2625 Magium
566 2564 640 2606 cum
669 2542 836 2605 mandatis
865 2542 908 2604 ad
937 2561 972 2605 se
1001 2543 1182 2605 revertisse
1212 2547 1313 2622 negat

141 2653 256 2733 itaque
283 2652 428 2733 legentes
453 2653 488 2714 in
513 2669 586 2714 eam
612 2652 801 2734 opinionem
826 2650 974 2733 adducit,
990 2657 1026 2712 ut
1044 2650 1145 2713 etiam
1172 2655 1240 2710 turn
1255 2669 1313 2729 per

135 2760 329 2839 Pompeium
355 2761 483 2821 stetisse
508 2759 674 2841 videatur,
700 2759 874 2841 quominus
899 2776 1014 2821 omnes
1038 2758 1079 2822 de
1103 2777 1186 2839 pace
1210 2758 1310 2820 actio·

130 2883 196 2927 ¹nes
221 2864 355 2926 felicem
381 2865 506 2926 exitum
531 2866 704 2927 haberent.

182 2970 274 3031 Baro
299 2969 364 3032 duo
390 2968 575 3056 aduersarii
601 2990 705 3053 aeque
729 2971 967 3033 contenderunt
987 2971 1246 3051 laboraruntque
1271 2990 1310 3032 ac

137 3072 263 3138 Caesar
287 3082 319 3137 et
342 3076 534 3156 Pompeius,
561 3082 597 3137 ut
621 3077 708 3139 alter
732 3077 876 3139 alterum
904 3077 1074 3158 deciperet
1102 3086 1135 3139 et
1162 3077 1307 3139 falleret.

137 3181 239 3242 Velut
262 3181 361 3261 lupus
388 3199 486 3243 ovem
501 3187 713 3262 segregatam
729 3188 761 3245 et
776 3182 854 3245 dolo
870 3191 903 3246 et
918 3184 953 3244 vi
968 3202 1100 3264 capere,
1117 3182 1182 3269 illa
1192 3181 1310 3244 eadem

172 3411 208 3477 ³⁹)
228 3406 480 3463 verisimillimum
499 3412 545 3464 est
564 3407 715 3478 Pompeio,
736 3424 803 3464 curn
822 3410 880 3466 iam
899 3408 928 3464 in
948 3424 982 3464 eo
1003 3412 1090 3476 esset,
1111 3413 1143 3463 ut
1159 3424 1223 3465 cum
1243 3408 1310 3466 reli-

135 3530 194 3585 qua
214 3519 300 3584 parte
321 3515 465 3571 exercitus
485 3529 502 3571 a
521 3513 681 3571 Brundisio
701 3513 949 3586 proficisceretur,
966 3513 1076 3570 nullum
1088 3519 1206 3586 tempus
1221 3514 1309 3574 fuisse

135 3622 230 3694 Magii
248 3624 355 3681 iterum
375 3641 440 3680 cnm
459 3624 604 3681 mandatis
623 3625 801 3682 remittendi.
817 3625 918 3694 Neque
933 3638 1000 3680 eum
1015 3622 1100 3694 fugit,
1115 3626 1184 3695 quin
1200 3624 1309 3683 Caesar

103 3722 106 3727 ’
135 3732 203 3802 paci
222 3747 253 3787 se
273 3731 385 3791 seruire
406 3733 545 3790 simulans
565 3733 594 3789 id
614 3740 834 3806 emungeret,
855 3736 888 3788 ut
907 3731 1002 3803 ipsum
1022 3732 1229 3792 demoraretur
1248 3735 1309 3792 exi-

135 3843 225 3909 tuque
254 3838 434 3909 prohiberet.
464 3840 596 3912 Denique
625 3840 767 3912 Pompeio
791 3845 1054 3911 persuasuram,
1075 3839 1308 3912 quodconsnles

137 3947 287 4016 abessent,
316 3947 377 4003 sine
401 3948 459 4005 illis
487 3966 545 4007 non
565 3967 653 4021 posse
682 3951 729 4021 agi
757 3950 792 4008 de
821 3941 1035 4020 compositione
1062 3951 1133 4021 (Dio
1162 3953 1241 4020 XLI,
1265 3958 1306 4019 12,

136 4053 264 4111 2.—Cic.
285 4053 322 4110 ad
341 4057 402 4111 Αιι.
424 4057 476 4122 ΙΧ,
497 4061 524 4124 9,
545 4057 694 4115 2.—Caes.
714 4058 738 4124 Ι,
760 4061 802 4119 26.
822 4060 861 4128 5).
