<?xml version="1.0" encoding="UTF-8"?>
<!DOCTYPE html PUBLIC "-//W3C//DTD XHTML 1.0 Transitional//EN"
    "http://www.w3.org/TR/xhtml1/DTD/xhtml1-transitional.dtd">
<html xmlns="http://www.w3.org/1999/xhtml" xml:lang="en" lang="en">
 <head>
  <title>
</title>
<meta http-equiv="Content-Type" content="text/html;charset=utf-8" />
  <meta name='ocr-system' content='tesseract 3.04.00' />
  <meta name='ocr-capabilities' content='ocr_page ocr_carea ocr_par ocr_line ocrx_word'/>
</head>
<body>
  <div class='ocr_page' id='page_1' title='image "./debellocivilica00basigoog_0058.png"; bbox 0 0 3196 4634; ppageno 0'>
   <div class='ocr_carea' id='block_1_1' title="bbox 578 244 750 305">
    <p class='ocr_par' dir='ltr' id='par_1_1' title="bbox 578 244 750 305">
     <span class='ocr_line' id='line_1_1' title="bbox 578 244 750 305; baseline 0.006 -15"><span class='ocrx_word' id='word_1_1' title='bbox 578 244 750 305; x_wconf 82' lang='lat'>..43..</span> 
     </span>
    </p>
   </div>
   <div class='ocr_carea' id='block_1_2' title="bbox 113 380 1244 575">
    <p class='ocr_par' dir='ltr' id='par_1_2' title="bbox 113 380 1244 575">
     <span class='ocr_line' id='line_1_2' title="bbox 113 380 1242 468; baseline 0.003 -22"><span class='ocrx_word' id='word_1_2' title='bbox 113 380 207 446; x_wconf 80' lang='lat' dir='ltr'><strong>Caesar</strong></span> <span class='ocrx_word' id='word_1_3' title='bbox 231 384 347 466; x_wconf 81' lang='lat' dir='ltr'><strong>legatis</strong></span> <span class='ocrx_word' id='word_1_4' title='bbox 375 386 551 467; x_wconf 80' lang='lat' dir='ltr'>respondit</span> <span class='ocrx_word' id='word_1_5' title='bbox 578 386 818 468; x_wconf 79' lang='lat' dir='ltr'><strong>mandavitque</strong></span> <span class='ocrx_word' id='word_1_6' title='bbox 845 386 888 449; x_wconf 87' lang='lat' dir='ltr'><strong>ad</strong></span> <span class='ocrx_word' id='word_1_7' title='bbox 916 387 1112 468; x_wconf 92' lang='lat' dir='ltr'><strong>Pompeium</strong></span> <span class='ocrx_word' id='word_1_8' title='bbox 1138 388 1242 468; x_wconf 88' lang='lat' dir='ltr'><strong>perfe-</strong></span> 
     </span>
     <span class='ocr_line' id='line_1_3' title="bbox 113 489 1244 575; baseline 0.004 -24"><span class='ocrx_word' id='word_1_9' title='bbox 113 489 200 552; x_wconf 88' lang='lat' dir='ltr'><strong>renda.</strong></span> <span class='ocrx_word' id='word_1_10' title='bbox 230 492 274 553; x_wconf 83' lang='lat' dir='ltr'><strong>Ac</strong></span> <span class='ocrx_word' id='word_1_11' title='bbox 302 492 446 572; x_wconf 90' lang='lat' dir='ltr'><strong>primum</strong></span> <span class='ocrx_word' id='word_1_12' title='bbox 474 492 606 574; x_wconf 90' lang='lat' dir='ltr'><strong>quidem</strong></span> <span class='ocrx_word' id='word_1_13' title='bbox 635 495 692 557; x_wconf 91' lang='lat' dir='ltr'><strong>ille</strong></span> <span class='ocrx_word' id='word_1_14' title='bbox 722 493 894 575; x_wconf 82' lang='lat' dir='ltr'><strong>aptissime</strong></span> <span class='ocrx_word' id='word_1_15' title='bbox 922 493 962 556; x_wconf 92' lang='lat' dir='ltr'><strong>de</strong></span> <span class='ocrx_word' id='word_1_16' title='bbox 990 494 1088 557; x_wconf 92' lang='lat' dir='ltr'><strong>rebus</strong></span> <span class='ocrx_word' id='word_1_17' title='bbox 1116 493 1244 555; x_wconf 84' lang='lat' dir='ltr'><strong>Romae</strong></span> 
     </span>
    </p>
   </div>
   <div class='ocr_carea' id='block_1_3' title="bbox 114 596 1392 679">
    <p class='ocr_par' dir='ltr' id='par_1_3' title="bbox 114 596 1392 679">
     <span class='ocr_line' id='line_1_4' title="bbox 114 596 1392 679; baseline 0.005 -24"><span class='ocrx_word' id='word_1_18' title='bbox 114 596 173 656; x_wconf 89' lang='lat' dir='ltr'><strong>actis</strong></span> <span class='ocrx_word' id='word_1_19' title='bbox 192 599 351 677; x_wconf 86' lang='lat' dir='ltr'><strong>praefatus</strong></span> <span class='ocrx_word' id='word_1_20' title='bbox 378 617 557 679; x_wconf 90' lang='lat' dir='ltr'><strong>omnesque</strong></span> <span class='ocrx_word' id='word_1_21' title='bbox 581 600 768 665; x_wconf 89' lang='lat' dir='ltr'><strong>iniurias.a</strong></span> <span class='ocrx_word' id='word_1_22' title='bbox 791 604 910 663; x_wconf 90' lang='lat' dir='ltr'><strong>senatu</strong></span> <span class='ocrx_word' id='word_1_23' title='bbox 935 600 999 661; x_wconf 92' lang='lat' dir='ltr'><strong>sibi</strong></span> <span class='ocrx_word' id='word_1_24' title='bbox 1024 600 1138 662; x_wconf 83' lang='lat' dir='ltr'><strong>illatas</strong></span> <span class='ocrx_word' id='word_1_25' title='bbox 1167 618 1256 662; x_wconf 66' lang='lat' dir='ltr'><strong>coa,</strong></span> <span class='ocrx_word' id='word_1_26' title='bbox 1300 652 1316 659; x_wconf 82' lang='lat'><strong>..</strong></span> <span class='ocrx_word' id='word_1_27' title='bbox 1346 650 1353 661; x_wconf 83' lang='grc'><strong><em>,</em></strong></span> <span class='ocrx_word' id='word_1_28' title='bbox 1387 650 1392 661; x_wconf 89' lang='grc'><strong>.</strong></span> 
     </span>
    </p>
   </div>
   <div class='ocr_carea' id='block_1_4' title="bbox 108 703 1246 2276">
    <p class='ocr_par' dir='ltr' id='par_1_4' title="bbox 108 703 1246 2276">
     <span class='ocr_line' id='line_1_5' title="bbox 113 703 1245 783; baseline 0.004 -21"><span class='ocrx_word' id='word_1_29' title='bbox 113 706 216 779; x_wconf 81' lang='lat' dir='ltr'><strong>questus</strong></span> <span class='ocrx_word' id='word_1_30' title='bbox 242 708 300 783; x_wconf 76' lang='lat' dir='ltr'><strong>est,</strong></span> <span class='ocrx_word' id='word_1_31' title='bbox 335 703 456 767; x_wconf 89' lang='lat' dir='ltr'><strong>deinde</strong></span> <span class='ocrx_word' id='word_1_32' title='bbox 489 704 673 769; x_wconf 89' lang='lat' dir='ltr'><strong>lenioribus</strong></span> <span class='ocrx_word' id='word_1_33' title='bbox 717 705 830 769; x_wconf 89' lang='lat' dir='ltr'><strong>verbis</strong></span> <span class='ocrx_word' id='word_1_34' title='bbox 863 725 943 769; x_wconf 89' lang='lat' dir='ltr'><strong>usus</strong></span> <span class='ocrx_word' id='word_1_35' title='bbox 972 706 1074 768; x_wconf 89' lang='lat' dir='ltr'><strong>etiam</strong></span> <span class='ocrx_word' id='word_1_36' title='bbox 1105 710 1175 767; x_wconf 90' lang='lat' dir='ltr'><strong>tum</strong></span> <span class='ocrx_word' id='word_1_37' title='bbox 1200 703 1245 767; x_wconf 90' lang='lat' dir='ltr'><strong>ad</strong></span> 
     </span>
     <span class='ocr_line' id='line_1_6' title="bbox 111 808 1244 918; baseline 0.006 -51"><span class='ocrx_word' id='word_1_38' title='bbox 111 808 194 870; x_wconf 89' lang='lat' dir='ltr'><strong>onnia</strong></span> <span class='ocrx_word' id='word_1_39' title='bbox 215 828 247 871; x_wconf 90' lang='lat' dir='ltr'><strong>se</strong></span> <span class='ocrx_word' id='word_1_40' title='bbox 270 809 474 874; x_wconf 77' lang='lat' dir='ltr'>descendere</span> <span class='ocrx_word' id='word_1_41' title='bbox 502 816 657 892; x_wconf 90' lang='lat' dir='ltr'><strong>paratum</strong></span> <span class='ocrx_word' id='word_1_42' title='bbox 682 816 779 893; x_wconf 88' lang='lat' dir='ltr'><strong>atque</strong></span> <span class='ocrx_word' id='word_1_43' title='bbox 791 812 915 918; x_wconf 53' lang='lat' dir='ltr'><strong>&#39;omnia</strong></span> <span class='ocrx_word' id='word_1_44' title='bbox 938 812 1009 892; x_wconf 82' lang='lat' dir='ltr'><strong>pati</strong></span> <span class='ocrx_word' id='word_1_45' title='bbox 1038 811 1244 893; x_wconf 86' lang='lat' dir='ltr'><strong>reipublicae</strong></span> 
     </span>
     <span class='ocr_line' id='line_1_7' title="bbox 111 914 1243 1001; baseline 0.004 -28"><span class='ocrx_word' id='word_1_46' title='bbox 111 931 188 976; x_wconf 89' lang='lat' dir='ltr'><strong>causa</strong></span> <span class='ocrx_word' id='word_1_47' title='bbox 207 914 300 979; x_wconf 82' lang='lat' dir='ltr'><strong>dixit.</strong></span> <span class='ocrx_word' id='word_1_48' title='bbox 328 915 553 997; x_wconf 78' lang='lat' dir='ltr'><strong>Quamobrem</strong></span> <span class='ocrx_word' id='word_1_49' title='bbox 578 936 613 980; x_wconf 88' lang='lat' dir='ltr'><strong>se</strong></span> <span class='ocrx_word' id='word_1_50' title='bbox 637 935 836 999; x_wconf 77' lang='lat' dir='ltr'><strong>proponere:</strong></span> <span class='ocrx_word' id='word_1_51' title='bbox 866 917 1125 1001; x_wconf 66' lang='lat' dir='ltr'><strong>„Proficiscatur</strong></span> <span class='ocrx_word' id='word_1_52' title='bbox 1148 917 1243 979; x_wconf 89' lang='lat' dir='ltr'><strong>Pom-</strong></span> 
     </span>
     <span class='ocr_line' id='line_1_8' title="bbox 110 1019 1246 1104; baseline 0.002 -24"><span class='ocrx_word' id='word_1_53' title='bbox 110 1019 179 1098; x_wconf 90' lang='lat' dir='ltr'><strong>peius</strong></span> <span class='ocrx_word' id='word_1_54' title='bbox 199 1022 230 1082; x_wconf 90' lang='lat' dir='ltr'><strong>in</strong></span> <span class='ocrx_word' id='word_1_55' title='bbox 255 1043 332 1086; x_wconf 88' lang='lat' dir='ltr'><strong>suas</strong></span> <span class='ocrx_word' id='word_1_56' title='bbox 356 1023 562 1104; x_wconf 79' lang='lat' dir='ltr'><strong>provincias,</strong></span> <span class='ocrx_word' id='word_1_57' title='bbox 589 1023 655 1104; x_wconf 89' lang='lat' dir='ltr'><strong>ipsi</strong></span> <span class='ocrx_word' id='word_1_58' title='bbox 675 1024 842 1086; x_wconf 84' lang='lat' dir='ltr'><strong>exercitus</strong></span> <span class='ocrx_word' id='word_1_59' title='bbox 861 1022 1044 1103; x_wconf 76' lang='lat' dir='ltr'><strong>dimittant,</strong></span> <span class='ocrx_word' id='word_1_60' title='bbox 1071 1021 1246 1086; x_wconf 89' lang='lat' dir='ltr'><strong>discedant</strong></span> 
     </span>
     <span class='ocr_line' id='line_1_9' title="bbox 111 1123 1245 1210; baseline 0.006 -26"><span class='ocrx_word' id='word_1_61' title='bbox 111 1123 233 1188; x_wconf 86' lang='lat' dir='ltr'><strong>inltalia</strong></span> <span class='ocrx_word' id='word_1_62' title='bbox 258 1148 371 1191; x_wconf 90' lang='lat' dir='ltr'><strong>omnes</strong></span> <span class='ocrx_word' id='word_1_63' title='bbox 401 1128 443 1190; x_wconf 91' lang='lat' dir='ltr'><strong>ab</strong></span> <span class='ocrx_word' id='word_1_64' title='bbox 469 1129 584 1210; x_wconf 76' lang='lat' dir='ltr'><strong>ermis,</strong></span> <span class='ocrx_word' id='word_1_65' title='bbox 616 1134 765 1192; x_wconf 87' lang='lat' dir='ltr'><strong>metuse</strong></span> <span class='ocrx_word' id='word_1_66' title='bbox 794 1130 932 1192; x_wconf 86' lang='lat' dir='ltr'><strong>civitate</strong></span> <span class='ocrx_word' id='word_1_67' title='bbox 962 1130 1109 1210; x_wconf 67' lang='lat' dir='ltr'><strong>tollatur,</strong></span> <span class='ocrx_word' id='word_1_68' title='bbox 1136 1130 1245 1192; x_wconf 89' lang='lat' dir='ltr'><strong>libera</strong></span> 
     </span>
     <span class='ocr_line' id='line_1_10' title="bbox 114 1232 1244 1317; baseline 0.007 -27"><span class='ocrx_word' id='word_1_69' title='bbox 114 1232 213 1295; x_wconf 86' lang='lat' dir='ltr'><strong>comitia</strong></span> <span class='ocrx_word' id='word_1_70' title='bbox 236 1240 333 1317; x_wconf 85' lang='lat' dir='ltr'><strong>atque</strong></span> <span class='ocrx_word' id='word_1_71' title='bbox 357 1236 464 1297; x_wconf 92' lang='lat' dir='ltr'><strong>omnis</strong></span> <span class='ocrx_word' id='word_1_72' title='bbox 495 1236 689 1316; x_wconf 79' lang='lat' dir='ltr'><strong>respublica</strong></span> <span class='ocrx_word' id='word_1_73' title='bbox 713 1237 844 1299; x_wconf 88' lang='lat' dir='ltr'><strong>senatui</strong></span> <span class='ocrx_word' id='word_1_74' title='bbox 873 1236 1063 1317; x_wconf 85' lang='lat' dir='ltr'><strong>populoque</strong></span> <span class='ocrx_word' id='word_1_75' title='bbox 1092 1236 1244 1298; x_wconf 85' lang='lat' dir='ltr'><strong>Romano</strong></span> 
     </span>
     <span class='ocr_line' id='line_1_11' title="bbox 116 1342 1246 1427; baseline 0.005 -28"><span class='ocrx_word' id='word_1_76' title='bbox 116 1342 297 1416; x_wconf 86' lang='lat' dir='ltr'><strong>permittatur.</strong></span> <span class='ocrx_word' id='word_1_77' title='bbox 324 1343 416 1406; x_wconf 90' lang='lat' dir='ltr'><strong>Haec</strong></span> <span class='ocrx_word' id='word_1_78' title='bbox 444 1363 508 1427; x_wconf 93' lang='lat' dir='ltr'><strong>quo</strong></span> <span class='ocrx_word' id='word_1_79' title='bbox 533 1342 664 1406; x_wconf 86' lang='lat' dir='ltr'><strong>facilius</strong></span> <span class='ocrx_word' id='word_1_80' title='bbox 695 1344 859 1424; x_wconf 90' lang='lat' dir='ltr'><strong>certisque</strong></span> <span class='ocrx_word' id='word_1_81' title='bbox 887 1343 1138 1407; x_wconf 91' lang='lat' dir='ltr'><strong>condicionibus</strong></span> <span class='ocrx_word' id='word_1_82' title='bbox 1164 1344 1246 1406; x_wconf 88' lang='lat' dir='ltr'><strong>fiant</strong></span> 
     </span>
     <span class='ocr_line' id='line_1_12' title="bbox 118 1446 1244 1531; baseline 0.008 -28"><span class='ocrx_word' id='word_1_83' title='bbox 118 1448 139 1503; x_wconf 88' lang='lat' dir='ltr'><strong>et</strong></span> <span class='ocrx_word' id='word_1_84' title='bbox 152 1446 346 1519; x_wconf 89' lang='lat' dir='ltr'><strong>iureiurando</strong></span> <span class='ocrx_word' id='word_1_85' title='bbox 375 1452 580 1530; x_wconf 73' lang='lat' dir='ltr'><strong>sanciantur,</strong></span> <span class='ocrx_word' id='word_1_86' title='bbox 607 1456 665 1511; x_wconf 90' lang='lat' dir='ltr'><strong>aut</strong></span> <span class='ocrx_word' id='word_1_87' title='bbox 692 1451 764 1531; x_wconf 88' lang='lat' dir='ltr'><strong>ipse</strong></span> <span class='ocrx_word' id='word_1_88' title='bbox 793 1452 931 1531; x_wconf 90' lang='lat' dir='ltr'><strong>propius</strong></span> <span class='ocrx_word' id='word_1_89' title='bbox 962 1449 1101 1515; x_wconf 87' lang='lat' dir='ltr'><strong>accedat</strong></span> <span class='ocrx_word' id='word_1_90' title='bbox 1129 1455 1186 1512; x_wconf 90' lang='lat' dir='ltr'><strong>eut</strong></span> <span class='ocrx_word' id='word_1_91' title='bbox 1210 1469 1244 1512; x_wconf 92' lang='lat' dir='ltr'><strong>se</strong></span> 
     </span>
     <span class='ocr_line' id='line_1_13' title="bbox 117 1553 1243 1639; baseline 0.006 -28"><span class='ocrx_word' id='word_1_92' title='bbox 117 1553 223 1628; x_wconf 85' lang='lat' dir='ltr'><strong>patiatur</strong></span> <span class='ocrx_word' id='word_1_93' title='bbox 246 1556 423 1637; x_wconf 81' lang='lat' dir='ltr'><strong>accedere3</strong></span> <span class='ocrx_word' id='word_1_94' title='bbox 450 1559 532 1639; x_wconf 74' lang='lat' dir='ltr'><strong>fore,</strong></span> <span class='ocrx_word' id='word_1_95' title='bbox 559 1558 608 1618; x_wconf 89' lang='lat' dir='ltr'><strong>uti</strong></span> <span class='ocrx_word' id='word_1_96' title='bbox 631 1575 692 1637; x_wconf 89' lang='lat' dir='ltr'><strong>per</strong></span> <span class='ocrx_word' id='word_1_97' title='bbox 720 1555 888 1638; x_wconf 89' lang='lat' dir='ltr'><strong>colloquia</strong></span> <span class='ocrx_word' id='word_1_98' title='bbox 911 1576 1025 1620; x_wconf 91' lang='lat' dir='ltr'><strong>omnes</strong></span> <span class='ocrx_word' id='word_1_99' title='bbox 1053 1563 1243 1620; x_wconf 89' lang='lat' dir='ltr'><strong>controver-</strong></span> 
     </span>
     <span class='ocr_line' id='line_1_14' title="bbox 116 1656 1244 1744; baseline 0.007 -28"><span class='ocrx_word' id='word_1_100' title='bbox 116 1656 159 1721; x_wconf 84' lang='lat' dir='ltr'><strong>siae</strong></span> <span class='ocrx_word' id='word_1_101' title='bbox 177 1659 427 1744; x_wconf 66' lang='lat' dir='ltr'><strong>componantur“</strong></span> <span class='ocrx_word' id='word_1_102' title='bbox 445 1664 488 1744; x_wconf 77' lang='grc' dir='ltr'><strong>(Ι,</strong></span> <span class='ocrx_word' id='word_1_103' title='bbox 506 1664 553 1738; x_wconf 74' lang='grc'><strong>9).</strong></span> <span class='ocrx_word' id='word_1_104' title='bbox 577 1663 663 1725; x_wconf 86' lang='lat' dir='ltr'><strong>Huic</strong></span> <span class='ocrx_word' id='word_1_105' title='bbox 688 1660 842 1727; x_wconf 83' lang='lat' dir='ltr'><strong>Caesaris</strong></span> <span class='ocrx_word' id='word_1_106' title='bbox 865 1665 1009 1726; x_wconf 90' lang='lat' dir='ltr'><strong>orationi</strong></span> <span class='ocrx_word' id='word_1_107' title='bbox 1024 1663 1244 1744; x_wconf 78' lang='lat' dir='ltr'><strong>adiungamus</strong></span> 
     </span>
     <span class='ocr_line' id='line_1_15' title="bbox 112 1763 1241 1852; baseline 0.008 -29"><span class='ocrx_word' id='word_1_108' title='bbox 112 1763 193 1849; x_wconf 78' lang='lat' dir='ltr'><strong>etiam,</strong></span> <span class='ocrx_word' id='word_1_109' title='bbox 218 1789 304 1852; x_wconf 90' lang='lat' dir='ltr'><strong>quae</strong></span> <span class='ocrx_word' id='word_1_110' title='bbox 332 1770 522 1850; x_wconf 86' lang='lat' dir='ltr'><strong>insequenti</strong></span> <span class='ocrx_word' id='word_1_111' title='bbox 556 1770 873 1832; x_wconf 83' lang='lat' dir='ltr'><strong>commentariorum</strong></span> <span class='ocrx_word' id='word_1_112' title='bbox 903 1771 1014 1850; x_wconf 90' lang='lat' dir='ltr'><strong>capite</strong></span> <span class='ocrx_word' id='word_1_113' title='bbox 1050 1775 1241 1833; x_wconf 86' lang='lat' dir='ltr'><strong>narrantur:</strong></span> 
     </span>
     <span class='ocr_line' id='line_1_16' title="bbox 109 1870 1244 1959; baseline 0.004 -26"><span class='ocrx_word' id='word_1_114' title='bbox 109 1870 248 1957; x_wconf 64' lang='lat' dir='ltr'><strong>„Acceptis</strong></span> <span class='ocrx_word' id='word_1_115' title='bbox 283 1875 463 1959; x_wconf 81' lang='lat' dir='ltr'><strong>mandatis,</strong></span> <span class='ocrx_word' id='word_1_116' title='bbox 499 1877 607 1958; x_wconf 91' lang='lat' dir='ltr'><strong>inquit</strong></span> <span class='ocrx_word' id='word_1_117' title='bbox 639 1873 773 1958; x_wconf 81' lang='lat' dir='ltr'><strong>Caesar,</strong></span> <span class='ocrx_word' id='word_1_118' title='bbox 808 1877 953 1941; x_wconf 85' lang='lat' dir='ltr'><strong>Roscius</strong></span> <span class='ocrx_word' id='word_1_119' title='bbox 988 1898 1063 1940; x_wconf 91' lang='lat' dir='ltr'><strong>cum</strong></span> <span class='ocrx_word' id='word_1_120' title='bbox 1097 1874 1244 1940; x_wconf 83' lang='lat' dir='ltr'><strong>Caesare</strong></span> 
     </span>
     <span class='ocr_line' id='line_1_17' title="bbox 108 1971 1243 2065; baseline 0.007 -28"><span class='ocrx_word' id='word_1_121' title='bbox 108 1971 221 2058; x_wconf 79' lang='lat' dir='ltr'><strong>Capuam</strong></span> <span class='ocrx_word' id='word_1_122' title='bbox 247 1985 402 2065; x_wconf 89' lang='lat' dir='ltr'><strong>pervenit</strong></span> <span class='ocrx_word' id='word_1_123' title='bbox 424 1982 534 2064; x_wconf 88' lang='lat' dir='ltr'><strong>ibique</strong></span> <span class='ocrx_word' id='word_1_124' title='bbox 553 1981 706 2045; x_wconf 91' lang='lat' dir='ltr'><strong>consules</strong></span> <span class='ocrx_word' id='word_1_125' title='bbox 730 1983 993 2065; x_wconf 89' lang='lat' dir='ltr'><strong>Pompeiumque</strong></span> <span class='ocrx_word' id='word_1_126' title='bbox 1012 1984 1155 2046; x_wconf 88' lang='lat' dir='ltr'><strong>invenit:</strong></span> <span class='ocrx_word' id='word_1_127' title='bbox 1186 2001 1243 2064; x_wconf 92' lang='lat' dir='ltr'><strong>po·</strong></span> 
     </span>
     <span class='ocr_line' id='line_1_18' title="bbox 111 2083 1244 2171; baseline 0.009 -31"><span class='ocrx_word' id='word_1_128' title='bbox 111 2083 199 2148; x_wconf 86' lang='lat' dir='ltr'><strong>stulata</strong></span> <span class='ocrx_word' id='word_1_129' title='bbox 217 2086 377 2151; x_wconf 89' lang='lat' dir='ltr'><strong>Caesaris</strong></span> <span class='ocrx_word' id='word_1_130' title='bbox 393 2089 576 2151; x_wconf 88' lang='lat' dir='ltr'><strong>renuntiat.</strong></span> <span class='ocrx_word' id='word_1_131' title='bbox 593 2088 650 2150; x_wconf 93' lang='lat' dir='ltr'><strong>Illi</strong></span> <span class='ocrx_word' id='word_1_132' title='bbox 664 2088 853 2152; x_wconf 88' lang='lat' dir='ltr'><strong>deliberata</strong></span> <span class='ocrx_word' id='word_1_133' title='bbox 868 2108 904 2152; x_wconf 90' lang='lat' dir='ltr'><strong>re</strong></span> <span class='ocrx_word' id='word_1_134' title='bbox 919 2088 1123 2171; x_wconf 92' lang='lat' dir='ltr'><strong>respondent</strong></span> <span class='ocrx_word' id='word_1_135' title='bbox 1141 2091 1244 2171; x_wconf 89' lang='lat' dir='ltr'><strong>scrip·</strong></span> 
     </span>
     <span class='ocr_line' id='line_1_19' title="bbox 114 2191 1245 2276; baseline 0.004 -23"><span class='ocrx_word' id='word_1_136' title='bbox 114 2191 177 2271; x_wconf 80' lang='lat' dir='ltr'><strong>laque</strong></span> <span class='ocrx_word' id='word_1_137' title='bbox 195 2196 238 2258; x_wconf 91' lang='lat' dir='ltr'><strong>ad</strong></span> <span class='ocrx_word' id='word_1_138' title='bbox 263 2215 338 2258; x_wconf 91' lang='lat' dir='ltr'><strong>eum</strong></span> <span class='ocrx_word' id='word_1_139' title='bbox 363 2195 522 2259; x_wconf 87' lang='lat' dir='ltr'><strong>mandata</strong></span> <span class='ocrx_word' id='word_1_140' title='bbox 549 2215 609 2276; x_wconf 92' lang='lat' dir='ltr'><strong>per</strong></span> <span class='ocrx_word' id='word_1_141' title='bbox 634 2215 688 2259; x_wconf 89' lang='lat' dir='ltr'><strong>eos</strong></span> <span class='ocrx_word' id='word_1_142' title='bbox 717 2197 864 2275; x_wconf 79' lang='lat' dir='ltr'><strong>mittunt3</strong></span> <span class='ocrx_word' id='word_1_143' title='bbox 891 2215 1029 2276; x_wconf 88' lang='lat' dir='ltr'><strong>quorum</strong></span> <span class='ocrx_word' id='word_1_144' title='bbox 1056 2198 1142 2259; x_wconf 91' lang='lat' dir='ltr'><strong>haec</strong></span> <span class='ocrx_word' id='word_1_145' title='bbox 1172 2202 1245 2260; x_wconf 89' lang='lat' dir='ltr'><strong>erat</strong></span> 
     </span>
    </p>
   </div>
   <div class='ocr_carea' id='block_1_5' title="bbox 62 2300 1247 2817">
    <p class='ocr_par' dir='ltr' id='par_1_5' title="bbox 62 2300 1247 2817">
     <span class='ocr_line' id='line_1_20' title="bbox 113 2300 1243 2386; baseline 0.005 -27"><span class='ocrx_word' id='word_1_146' title='bbox 113 2313 214 2367; x_wconf 83' lang='lat' dir='ltr'><strong>sumna:</strong></span> <span class='ocrx_word' id='word_1_147' title='bbox 242 2300 369 2366; x_wconf 89' lang='lat' dir='ltr'><strong>Caesar</strong></span> <span class='ocrx_word' id='word_1_148' title='bbox 393 2305 428 2364; x_wconf 88' lang='lat' dir='ltr'><strong>in</strong></span> <span class='ocrx_word' id='word_1_149' title='bbox 452 2302 603 2368; x_wconf 82' lang='lat' dir='ltr'><strong>Galliam</strong></span> <span class='ocrx_word' id='word_1_150' title='bbox 623 2308 861 2385; x_wconf 76' lang='lat' dir='ltr'><strong>reverteretur,</strong></span> <span class='ocrx_word' id='word_1_151' title='bbox 886 2304 1038 2367; x_wconf 83' lang='lat' dir='ltr'><strong>Arimino</strong></span> <span class='ocrx_word' id='word_1_152' title='bbox 1059 2303 1243 2386; x_wconf 81' lang='lat' dir='ltr'><strong>excederet,</strong></span> 
     </span>
     <span class='ocr_line' id='line_1_21' title="bbox 110 2409 1247 2493; baseline 0.01 -31"><span class='ocrx_word' id='word_1_153' title='bbox 110 2409 240 2472; x_wconf 86' lang='lat' dir='ltr'><strong>exereitus</strong></span> <span class='ocrx_word' id='word_1_154' title='bbox 263 2409 459 2492; x_wconf 80' lang='lat' dir='ltr'><strong>dimitteret3</strong></span> <span class='ocrx_word' id='word_1_155' title='bbox 478 2430 562 2493; x_wconf 90' lang='lat' dir='ltr'><strong>quae</strong></span> <span class='ocrx_word' id='word_1_156' title='bbox 579 2411 608 2473; x_wconf 93' lang='lat' dir='ltr'><strong>si</strong></span> <span class='ocrx_word' id='word_1_157' title='bbox 623 2411 766 2492; x_wconf 84' lang='lat' dir='ltr'><strong>fecisset,</strong></span> <span class='ocrx_word' id='word_1_158' title='bbox 783 2411 977 2493; x_wconf 86' lang='lat' dir='ltr'><strong>Pompeium</strong></span> <span class='ocrx_word' id='word_1_159' title='bbox 1005 2412 1040 2473; x_wconf 93' lang='lat' dir='ltr'><strong>in</strong></span> <span class='ocrx_word' id='word_1_160' title='bbox 1067 2411 1247 2492; x_wconf 88' lang='lat' dir='ltr'><strong>Hispanias</strong></span> 
     </span>
     <span class='ocr_line' id='line_1_22' title="bbox 108 2508 1244 2601; baseline 0.005 -26"><span class='ocrx_word' id='word_1_161' title='bbox 108 2508 211 2579; x_wconf 84' lang='lat' dir='ltr'><strong>iturum.</strong></span> <span class='ocrx_word' id='word_1_162' title='bbox 236 2518 381 2599; x_wconf 78' lang='lat' dir='ltr'><strong>Interea,</strong></span> <span class='ocrx_word' id='word_1_163' title='bbox 402 2518 512 2600; x_wconf 92' lang='lat' dir='ltr'><strong>quoad</strong></span> <span class='ocrx_word' id='word_1_164' title='bbox 538 2518 620 2582; x_wconf 86' lang='lat' dir='ltr'><strong>tides</strong></span> <span class='ocrx_word' id='word_1_165' title='bbox 641 2523 728 2581; x_wconf 89' lang='lat' dir='ltr'><strong>esset</strong></span> <span class='ocrx_word' id='word_1_166' title='bbox 749 2518 842 2601; x_wconf 77' lang='lat' dir='ltr'><strong>data,</strong></span> <span class='ocrx_word' id='word_1_167' title='bbox 864 2516 1047 2583; x_wconf 89' lang='lat' dir='ltr'><strong>Caesarem</strong></span> <span class='ocrx_word' id='word_1_168' title='bbox 1066 2523 1244 2601; x_wconf 84' lang='lat' dir='ltr'><strong>facturum,</strong></span> 
     </span>
     <span class='ocr_line' id='line_1_23' title="bbox 105 2626 1245 2708; baseline 0.005 -25"><span class='ocrx_word' id='word_1_169' title='bbox 105 2637 165 2698; x_wconf 78' lang='lat' dir='ltr'><strong>quae</strong></span> <span class='ocrx_word' id='word_1_170' title='bbox 184 2626 411 2708; x_wconf 77' lang='lat' dir='ltr'><strong>polliceretur,</strong></span> <span class='ocrx_word' id='word_1_171' title='bbox 437 2645 502 2688; x_wconf 91' lang='lat' dir='ltr'><strong>non</strong></span> <span class='ocrx_word' id='word_1_172' title='bbox 526 2627 774 2688; x_wconf 88' lang='lat' dir='ltr'><strong>intermissuros</strong></span> <span class='ocrx_word' id='word_1_173' title='bbox 804 2627 958 2690; x_wconf 89' lang='lat' dir='ltr'><strong>consules</strong></span> <span class='ocrx_word' id='word_1_174' title='bbox 983 2628 1245 2708; x_wconf 91' lang='lat' dir='ltr'><strong>Pompeiumque</strong></span> 
     </span>
     <span class='ocr_line' id='line_1_24' title="bbox 62 2724 1245 2817; baseline 0.008 -30"><span class='ocrx_word' id='word_1_175' title='bbox 62 2772 64 2817; x_wconf 67' lang='lat'><em>5</em></span> <span class='ocrx_word' id='word_1_176' title='bbox 102 2724 243 2794; x_wconf 55' lang='lat' dir='ltr'><strong>delectusl</strong></span> <span class='ocrx_word' id='word_1_177' title='bbox 269 2733 312 2815; x_wconf 75' lang='grc' dir='ltr'><strong>(Ι,</strong></span> <span class='ocrx_word' id='word_1_178' title='bbox 337 2734 407 2814; x_wconf 82' lang='grc'>10).</span> <span class='ocrx_word' id='word_1_179' title='bbox 430 2734 573 2815; x_wconf 88' lang='lat' dir='ltr'><strong>Propter</strong></span> <span class='ocrx_word' id='word_1_180' title='bbox 597 2753 637 2797; x_wconf 91' lang='lat' dir='ltr'><strong>ea</strong></span> <span class='ocrx_word' id='word_1_181' title='bbox 655 2735 937 2815; x_wconf 88' lang='lat' dir='ltr'><strong>Pompeianorum</strong></span> <span class='ocrx_word' id='word_1_182' title='bbox 958 2736 1126 2816; x_wconf 89' lang='lat' dir='ltr'><strong>postulata</strong></span> <span class='ocrx_word' id='word_1_183' title='bbox 1146 2736 1245 2797; x_wconf 89' lang='lat' dir='ltr'><strong>vehe-</strong></span> 
     </span>
    </p>
   </div>
   <div class='ocr_carea' id='block_1_6' title="bbox 62 2878 1249 4113">
    <p class='ocr_par' dir='ltr' id='par_1_6' title="bbox 62 2878 284 2901">
     <span class='ocr_line' id='line_1_25' title="bbox 62 2878 284 2901; baseline 0.005 -7"><span class='ocrx_word' id='word_1_184' title='bbox 62 2878 64 2901; x_wconf 82' lang='lat'><strong><em>‚</em></strong></span> <span class='ocrx_word' id='word_1_185' title='bbox 101 2878 284 2895; x_wconf 40' lang='lat' dir='ltr'>M</span> 
     </span>
    </p>

    <p class='ocr_par' dir='ltr' id='par_1_7' title="bbox 62 2956 1246 3033">
     <span class='ocr_line' id='line_1_26' title="bbox 62 2956 1246 3033; baseline 0.004 -20"><span class='ocrx_word' id='word_1_186' title='bbox 62 2970 64 3013; x_wconf 82' lang='lat' dir='ltr'><strong>l</strong></span> <span class='ocrx_word' id='word_1_187' title='bbox 99 2956 170 3024; x_wconf 73' lang='lat' dir='ltr'><strong>verit,</strong></span> <span class='ocrx_word' id='word_1_188' title='bbox 188 2961 265 3018; x_wconf 88' lang='lat' dir='ltr'><strong>cuius</strong></span> <span class='ocrx_word' id='word_1_189' title='bbox 285 2966 370 3032; x_wconf 89' lang='lat' dir='ltr'><strong>pater</strong></span> <span class='ocrx_word' id='word_1_190' title='bbox 386 2960 523 3019; x_wconf 80' lang='lat' dir='ltr'><strong>Caesaris</strong></span> <span class='ocrx_word' id='word_1_191' title='bbox 543 2966 608 3019; x_wconf 88' lang='lat' dir='ltr'><strong>erat</strong></span> <span class='ocrx_word' id='word_1_192' title='bbox 623 2962 746 3033; x_wconf 81' lang='lat' dir='ltr'><strong>legatus.</strong></span> <span class='ocrx_word' id='word_1_193' title='bbox 763 2962 791 3018; x_wconf 92' lang='lat' dir='ltr'><strong>ls</strong></span> <span class='ocrx_word' id='word_1_194' title='bbox 810 2962 925 3033; x_wconf 89' lang='lat' dir='ltr'><strong>reliquo</strong></span> <span class='ocrx_word' id='word_1_195' title='bbox 941 2977 1077 3019; x_wconf 91' lang='lat' dir='ltr'><strong>sermone</strong></span> <span class='ocrx_word' id='word_1_196' title='bbox 1102 2961 1246 3028; x_wconf 87' lang='lat' dir='ltr'><strong>confecto,</strong></span> 
     </span>
    </p>

    <p class='ocr_par' dir='ltr' id='par_1_8' title="bbox 63 3056 1247 3151">
     <span class='ocr_line' id='line_1_27' title="bbox 63 3056 1247 3151; baseline 0.009 -37"><span class='ocrx_word' id='word_1_197' title='bbox 63 3146 64 3151; x_wconf 8' lang='grc' dir='ltr'>γ</span> <span class='ocrx_word' id='word_1_198' title='bbox 100 3063 165 3121; x_wconf 87' lang='lat' dir='ltr'><strong>cuins</strong></span> <span class='ocrx_word' id='word_1_199' title='bbox 180 3070 220 3124; x_wconf 88' lang='lat' dir='ltr'><strong>rei</strong></span> <span class='ocrx_word' id='word_1_200' title='bbox 236 3084 326 3129; x_wconf 86' lang='lat' dir='ltr'><strong>eausa</strong></span> <span class='ocrx_word' id='word_1_201' title='bbox 344 3056 478 3136; x_wconf 86' lang='lat' dir='ltr'><strong>venerat,</strong></span> <span class='ocrx_word' id='word_1_202' title='bbox 498 3068 609 3126; x_wconf 87' lang='lat' dir='ltr'><strong>habere</strong></span> <span class='ocrx_word' id='word_1_203' title='bbox 629 3084 661 3126; x_wconf 87' lang='lat' dir='ltr'><strong>se</strong></span> <span class='ocrx_word' id='word_1_204' title='bbox 680 3069 862 3149; x_wconf 24' lang='lat' dir='ltr'><strong>aqPompeio</strong></span> <span class='ocrx_word' id='word_1_205' title='bbox 883 3069 1004 3126; x_wconf 90' lang='lat' dir='ltr'><strong>adeum</strong></span> <span class='ocrx_word' id='word_1_206' title='bbox 1027 3069 1134 3140; x_wconf 87' lang='lat' dir='ltr'><strong>privati</strong></span> <span class='ocrx_word' id='word_1_207' title='bbox 1156 3068 1247 3126; x_wconf 87' lang='lat' dir='ltr'><strong>officii</strong></span> 
     </span>
    </p>

    <p class='ocr_par' dir='ltr' id='par_1_9' title="bbox 63 3173 1246 3251">
     <span class='ocr_line' id='line_1_28' title="bbox 63 3173 1246 3251; baseline 0.008 -24"><span class='ocrx_word' id='word_1_208' title='bbox 63 3194 64 3221; x_wconf 68' lang='lat' dir='ltr'><strong>r</strong></span> <span class='ocrx_word' id='word_1_209' title='bbox 101 3173 213 3233; x_wconf 83' lang='lat' dir='ltr'><strong>mandata</strong></span> <span class='ocrx_word' id='word_1_210' title='bbox 230 3177 427 3235; x_wconf 87' lang='lat' dir='ltr'><strong>demonstrat:</strong></span> <span class='ocrx_word' id='word_1_211' title='bbox 452 3177 536 3235; x_wconf 89' lang='lat' dir='ltr'><strong>Velle</strong></span> <span class='ocrx_word' id='word_1_212' title='bbox 556 3178 727 3249; x_wconf 89' lang='lat' dir='ltr'><strong>Pompeium</strong></span> <span class='ocrx_word' id='word_1_213' title='bbox 751 3194 782 3236; x_wconf 91' lang='lat' dir='ltr'><strong>se</strong></span> <span class='ocrx_word' id='word_1_214' title='bbox 812 3178 932 3237; x_wconf 90' lang='lat' dir='ltr'><strong>Caesari</strong></span> <span class='ocrx_word' id='word_1_215' title='bbox 951 3184 1116 3251; x_wconf 80' lang='lat' dir='ltr'><strong>purgatum,</strong></span> <span class='ocrx_word' id='word_1_216' title='bbox 1145 3193 1181 3234; x_wconf 92' lang='lat' dir='ltr'><strong>ne</strong></span> <span class='ocrx_word' id='word_1_217' title='bbox 1201 3193 1246 3246; x_wconf 85' lang='lat' dir='ltr'><strong>ea,</strong></span> 
     </span>
    </p>

    <p class='ocr_par' dir='ltr' id='par_1_10' title="bbox 62 3282 1248 3395">
     <span class='ocr_line' id='line_1_29' title="bbox 62 3282 1248 3395; baseline 0.003 -59"><span class='ocrx_word' id='word_1_218' title='bbox 62 3316 64 3395; x_wconf 50' lang='lat' dir='ltr'><strong>q</strong></span> <span class='ocrx_word' id='word_1_219' title='bbox 101 3291 158 3345; x_wconf 76' lang='lat' dir='ltr'><strong>tuac</strong></span> <span class='ocrx_word' id='word_1_220' title='bbox 173 3282 348 3354; x_wconf 88' lang='lat' dir='ltr'><strong>reipublicae</strong></span> <span class='ocrx_word' id='word_1_221' title='bbox 367 3300 457 3341; x_wconf 86' lang='lat' dir='ltr'><strong>eausa</strong></span> <span class='ocrx_word' id='word_1_222' title='bbox 480 3283 583 3355; x_wconf 74' lang='lat' dir='ltr'><strong>egerit,</strong></span> <span class='ocrx_word' id='word_1_223' title='bbox 602 3284 634 3342; x_wconf 93' lang='lat' dir='ltr'><strong>in</strong></span> <span class='ocrx_word' id='word_1_224' title='bbox 658 3300 740 3342; x_wconf 86' lang='lat' dir='ltr'><strong>snam</strong></span> <span class='ocrx_word' id='word_1_225' title='bbox 763 3285 971 3343; x_wconf 88' lang='lat' dir='ltr'><strong>contumeliam</strong></span> <span class='ocrx_word' id='word_1_226' title='bbox 998 3290 1103 3342; x_wconf 88' lang='lat' dir='ltr'><strong>vertat.</strong></span> <span class='ocrx_word' id='word_1_227' title='bbox 1126 3286 1248 3356; x_wconf 86' lang='lat' dir='ltr'><strong>Semper</strong></span> 
     </span>
    </p>

    <p class='ocr_par' dir='ltr' id='par_1_11' title="bbox 62 3388 1249 4113">
     <span class='ocr_line' id='line_1_30' title="bbox 62 3388 1247 3463; baseline 0.003 -20"><span class='ocrx_word' id='word_1_228' title='bbox 62 3398 64 3443; x_wconf 75' lang='lat' dir='ltr'><strong>l</strong></span> <span class='ocrx_word' id='word_1_229' title='bbox 103 3397 125 3437; x_wconf 72' lang='lat' dir='ltr'><strong>ue</strong></span> <span class='ocrx_word' id='word_1_230' title='bbox 138 3388 305 3460; x_wconf 87' lang='lat' dir='ltr'><strong>reipublicae</strong></span> <span class='ocrx_word' id='word_1_231' title='bbox 329 3390 484 3449; x_wconf 85' lang='lat' dir='ltr'><strong>commoda</strong></span> <span class='ocrx_word' id='word_1_232' title='bbox 512 3391 634 3462; x_wconf 89' lang='lat' dir='ltr'><strong>privatis</strong></span> <span class='ocrx_word' id='word_1_233' title='bbox 663 3391 925 3449; x_wconf 87' lang='lat' dir='ltr'><strong>necessitudinibus</strong></span> <span class='ocrx_word' id='word_1_234' title='bbox 954 3390 1089 3448; x_wconf 90' lang='lat' dir='ltr'><strong>habuisse</strong></span> <span class='ocrx_word' id='word_1_235' title='bbox 1117 3390 1247 3463; x_wconf 84' lang='lat' dir='ltr'><strong>potiora.</strong></span> 
     </span>
     <span class='ocr_line' id='line_1_31' title="bbox 105 3487 1246 3571; baseline 0.004 -20"><span class='ocrx_word' id='word_1_236' title='bbox 105 3487 232 3556; x_wconf 71' lang='lat' dir='ltr'><strong>Gaesarem</strong></span> <span class='ocrx_word' id='word_1_237' title='bbox 253 3515 369 3571; x_wconf 86' lang='lat' dir='ltr'><strong>quoque</strong></span> <span class='ocrx_word' id='word_1_238' title='bbox 387 3516 443 3571; x_wconf 91' lang='lat' dir='ltr'><strong>pro</strong></span> <span class='ocrx_word' id='word_1_239' title='bbox 464 3516 517 3556; x_wconf 89' lang='lat' dir='ltr'><strong>sua</strong></span> <span class='ocrx_word' id='word_1_240' title='bbox 531 3500 675 3571; x_wconf 80' lang='lat' dir='ltr'><strong>dignitate</strong></span> <span class='ocrx_word' id='word_1_241' title='bbox 693 3501 802 3559; x_wconf 88' lang='lat' dir='ltr'><strong>debere</strong></span> <span class='ocrx_word' id='word_1_242' title='bbox 821 3508 850 3559; x_wconf 87' lang='lat' dir='ltr'><strong>et</strong></span> <span class='ocrx_word' id='word_1_243' title='bbox 870 3500 995 3558; x_wconf 90' lang='lat' dir='ltr'><strong>studium</strong></span> <span class='ocrx_word' id='word_1_244' title='bbox 1015 3506 1046 3557; x_wconf 90' lang='lat' dir='ltr'><strong>et</strong></span> <span class='ocrx_word' id='word_1_245' title='bbox 1064 3499 1246 3557; x_wconf 89' lang='lat' dir='ltr'><strong>iracundiam</strong></span> 
     </span>
     <span class='ocr_line' id='line_1_32' title="bbox 108 3605 1247 3681; baseline 0.004 -24"><span class='ocrx_word' id='word_1_246' title='bbox 108 3609 162 3659; x_wconf 73' lang='lat' dir='ltr'><strong>snm</strong></span> <span class='ocrx_word' id='word_1_247' title='bbox 186 3607 365 3678; x_wconf 90' lang='lat' dir='ltr'><strong>reipublicae</strong></span> <span class='ocrx_word' id='word_1_248' title='bbox 393 3605 541 3664; x_wconf 83' lang='lat' dir='ltr'><strong>dimittere</strong></span> <span class='ocrx_word' id='word_1_249' title='bbox 568 3622 663 3679; x_wconf 89' lang='lat' dir='ltr'><strong>neque</strong></span> <span class='ocrx_word' id='word_1_250' title='bbox 692 3608 766 3667; x_wconf 88' lang='lat' dir='ltr'><strong>adeo</strong></span> <span class='ocrx_word' id='word_1_251' title='bbox 786 3609 916 3681; x_wconf 80' lang='lat' dir='ltr'><strong>graviter</strong></span> <span class='ocrx_word' id='word_1_252' title='bbox 939 3607 1027 3665; x_wconf 91' lang='lat' dir='ltr'><strong>irasci</strong></span> <span class='ocrx_word' id='word_1_253' title='bbox 1046 3607 1184 3675; x_wconf 86' lang='lat' dir='ltr'><strong>inimicis,</strong></span> <span class='ocrx_word' id='word_1_254' title='bbox 1205 3608 1247 3672; x_wconf 89' lang='lat' dir='ltr'><strong>ut,</strong></span> 
     </span>
     <span class='ocr_line' id='line_1_33' title="bbox 108 3712 1249 3788; baseline 0.01 -23"><span class='ocrx_word' id='word_1_255' title='bbox 108 3717 149 3765; x_wconf 68' lang='lat' dir='ltr'><strong>tou</strong></span> <span class='ocrx_word' id='word_1_256' title='bbox 163 3712 218 3771; x_wconf 90' lang='lat' dir='ltr'><strong>illis</strong></span> <span class='ocrx_word' id='word_1_257' title='bbox 236 3731 345 3771; x_wconf 90' lang='lat' dir='ltr'><strong>nocere</strong></span> <span class='ocrx_word' id='word_1_258' title='bbox 366 3729 396 3770; x_wconf 92' lang='lat' dir='ltr'><strong>se</strong></span> <span class='ocrx_word' id='word_1_259' title='bbox 412 3719 522 3783; x_wconf 87' lang='lat' dir='ltr'><strong>speret,</strong></span> <span class='ocrx_word' id='word_1_260' title='bbox 537 3714 717 3787; x_wconf 88' lang='lat' dir='ltr'><strong>reipublicae</strong></span> <span class='ocrx_word' id='word_1_261' title='bbox 737 3721 852 3773; x_wconf 84' lang='lat' dir='ltr'><strong>noceat.</strong></span> <span class='ocrx_word' id='word_1_262' title='bbox 869 3716 969 3774; x_wconf 88' lang='lat' dir='ltr'><strong>Pauca</strong></span> <span class='ocrx_word' id='word_1_263' title='bbox 983 3716 1114 3774; x_wconf 88' lang='lat' dir='ltr'><strong>eiusdem</strong></span> <span class='ocrx_word' id='word_1_264' title='bbox 1132 3718 1249 3788; x_wconf 82' lang='lat' dir='ltr'><strong>generis</strong></span> 
     </span>
     <span class='ocr_line' id='line_1_34' title="bbox 107 3809 1249 3894; baseline 0.009 -22"><span class='ocrx_word' id='word_1_265' title='bbox 107 3809 163 3874; x_wconf 76' lang='lat' dir='ltr'><strong>adlit</strong></span> <span class='ocrx_word' id='word_1_266' title='bbox 181 3836 242 3877; x_wconf 92' lang='lat' dir='ltr'><strong>eum</strong></span> <span class='ocrx_word' id='word_1_267' title='bbox 262 3821 450 3879; x_wconf 87' lang='lat' dir='ltr'><strong>excusatione</strong></span> <span class='ocrx_word' id='word_1_268' title='bbox 470 3822 595 3894; x_wconf 87' lang='lat' dir='ltr'><strong>Pompei</strong></span> <span class='ocrx_word' id='word_1_269' title='bbox 615 3823 781 3880; x_wconf 89' lang='lat' dir='ltr'><strong>coniuncta.</strong></span> <span class='ocrx_word' id='word_1_270' title='bbox 802 3823 918 3881; x_wconf 85' lang='lat' dir='ltr'><strong>Eadem</strong></span> <span class='ocrx_word' id='word_1_271' title='bbox 937 3823 999 3879; x_wconf 83' lang='lat' dir='ltr'><strong>fere</strong></span> <span class='ocrx_word' id='word_1_272' title='bbox 1022 3832 1111 3894; x_wconf 86' lang='lat' dir='ltr'><strong>atque</strong></span> <span class='ocrx_word' id='word_1_273' title='bbox 1140 3824 1249 3882; x_wconf 89' lang='lat' dir='ltr'><strong>eisdem</strong></span> 
     </span>
     <span class='ocr_line' id='line_1_35' title="bbox 103 3923 1249 4002; baseline 0.009 -25"><span class='ocrx_word' id='word_1_274' title='bbox 103 3923 178 3982; x_wconf 78' lang='lat' dir='ltr'><strong>verbis</strong></span> <span class='ocrx_word' id='word_1_275' title='bbox 194 3933 314 3998; x_wconf 89' lang='lat' dir='ltr'><strong>praetor</strong></span> <span class='ocrx_word' id='word_1_276' title='bbox 332 3927 457 3985; x_wconf 87' lang='lat' dir='ltr'><strong>Roscius</strong></span> <span class='ocrx_word' id='word_1_277' title='bbox 476 3931 537 4001; x_wconf 79' lang='lat' dir='ltr'><strong>agit</strong></span> <span class='ocrx_word' id='word_1_278' title='bbox 557 3945 621 3985; x_wconf 92' lang='lat' dir='ltr'><strong>cum</strong></span> <span class='ocrx_word' id='word_1_279' title='bbox 643 3930 770 3988; x_wconf 85' lang='lat' dir='ltr'><strong>Caesare</strong></span> <span class='ocrx_word' id='word_1_280' title='bbox 789 3930 902 4002; x_wconf 87' lang='lat' dir='ltr'><strong>sibique</strong></span> <span class='ocrx_word' id='word_1_281' title='bbox 932 3931 1103 4000; x_wconf 88' lang='lat' dir='ltr'><strong>Pompeium</strong></span> <span class='ocrx_word' id='word_1_282' title='bbox 1123 3946 1249 3987; x_wconf 88' lang='lat' dir='ltr'><strong>comme-</strong></span> 
     </span>
     <span class='ocr_line' id='line_1_36' title="bbox 101 4035 435 4113; baseline 0.015 -28"><span class='ocrx_word' id='word_1_283' title='bbox 101 4039 209 4091; x_wconf 80' lang='lat' dir='ltr'><strong>morasse</strong></span> <span class='ocrx_word' id='word_1_284' title='bbox 226 4035 435 4113; x_wconf 85' lang='lat' dir='ltr'><strong>demonstrat“.</strong></span> 
     </span>
    </p>
   </div>
   <div class='ocr_carea' id='block_1_7' title="bbox 0 0 1602 4634">
    <p class='ocr_par' dir='ltr' id='par_1_12' title="bbox 0 0 1602 4634">
     <span class='ocr_line' id='line_1_37' title="bbox 0 0 1602 4634; baseline 0 1"><span class='ocrx_word' id='word_1_285' title='bbox 0 0 1602 4634; x_wconf 95' lang='lat' dir='ltr'><strong> </strong></span> 
     </span>
    </p>
   </div>
  </div>
 </body>
</html>
