3196 4634
690 242 843 302 -3..

182 400 368 482 proditum,
395 399 480 462 illud
507 400 620 462 Asinii
642 400 820 483 Pollionis,
847 403 904 482 qui
931 404 1189 466 commentarios
1220 425 1363 490 „parum

182 506 366 587 diligenter
385 523 572 586 parumque
596 506 728 586 integra
750 507 894 570 veritate
926 510 1130 590 compositos
1154 514 1261 593 putat,
1288 531 1363 573 oum

183 612 310 678 Caesar
334 615 508 697 pleraque,
532 618 565 676 et
589 632 674 693 quae
700 633 762 696 per
787 616 871 678 alins
897 621 993 679 erant
1017 622 1124 701 gesta,
1146 625 1269 682 temere
1293 637 1361 682 cre-

181 721 306 784 diderit
325 725 357 783 et
374 739 459 803 quae
478 739 538 801 per
553 740 601 803 se,
620 721 674 783 vel
696 723 846 784 consulto
860 723 915 786 vel
937 724 1040 786 etiam
1059 726 1223 788 memoria
1247 726 1361 808 lapsus

180 848 362 911 perperam
383 828 537 911 ediderit3
560 829 794 911 existimatque
814 830 1056 912 rescripturum
1077 836 1110 893 et
1134 837 1362 895 correcturum

186 924 359 1016 fuissem).
444 996 447 1001 ,
652 1010 655 1015 ¹
1336 1019 1338 1024 Α

235 1042 329 1124 Quod
354 1063 427 1105 cum
451 1042 589 1104 Asinius
614 1042 726 1105 Pollio
752 1042 792 1106 de
818 1041 974 1107 Caesaris
1000 1044 1064 1108 fide
1088 1046 1253 1109 historica
1276 1046 1362 1109 iudi-

186 1150 299 1232 cabat,
325 1150 396 1230 ipse
420 1148 577 1240 debello
606 1149 700 1211 civili
730 1149 834 1212 libros
865 1153 1087 1232 componebat
1100 1151 1126 1232 ³)
1164 1155 1238 1216 sine
1263 1153 1361 1216 dubio

186 1257 280 1320 illius
306 1256 559 1319 commentarios
587 1261 812 1320 correcturus.
842 1256 939 1339 Quod
966 1260 1066 1339 plane
1095 1267 1267 1323 assecutus
1294 1266 1356 1323 est.

121 1438 123 1441 ¹
185 1364 295 1426 Tanta
310 1364 398 1426 enim
413 1362 479 1425 lide
500 1367 533 1425 et
552 1363 746 1443 integritate
763 1364 993 1426 excelluerunt
1017 1366 1088 1427 eius
1106 1363 1357 1450 „historiacfflt

216 1666 240 1730 ⁹)
262 1664 380 1722 Sueton.
405 1662 463 1719 div.
486 1660 539 1718 Iul.
561 1659 746 1731 tii-Quod
764 1660 905 1717 iudicium
919 1660 1062 1718 Pollionis
1081 1662 1207 1719 maxime
1230 1662 1267 1719 ad
1283 1679 1360 1720 com-

176 1769 347 1826 mentarios
368 1769 403 1826 de
423 1767 501 1825 bello
521 1766 601 1823 cIvili
620 1764 767 1824 confectos
787 1771 924 1838 spectare
941 1760 985 1824 ‘cx
1004 1783 1039 1824 θο
1056 1766 1191 1836 efficitur,
1213 1769 1290 1839 quod
1308 1770 1358 1826 ille

176 1893 275 1948 neque
293 1878 358 1948 ipse
377 1875 511 1933 interfuit
529 1875 615 1932 bellis
635 1875 756 1933 Gallicis
775 1892 870 1947 neque
890 1893 925 1934 ea
944 1878 974 1932 in
993 1877 1126 1934 historiis
1145 1879 1204 1935 suis
1228 1879 1359 1950 tetigerit

177 1985 236 2042 nisi
264 1984 409 2053 breviter,
433 1983 482 2041 ubi
510 1999 609 2041 rerum
638 1983 711 2040 ordo
731 1984 877 2041 acseries
905 1986 1048 2056 poscebat
1070 1983 1138 2061 (cfr.
1163 1986 1300 2043 eximiam
1321 1986 1357 2045 G.

180 2094 325 2153 Thoureti
344 2093 595 2151 dissertationem:
613 2093 675 2165 „De
691 2092 843 2161 Cicerone,
858 2093 964 2151 Asinio
983 2094 1129 2162 Pollione,
1147 2094 1179 2153 C.
1197 2095 1293 2167 Oppio
1313 2112 1359 2152 re·

179 2216 247 2256 rum
263 2199 507 2258 Caesarianarum
525 2198 736 2269 scriptoribus
754 2199 797 2269 (in
809 2199 927 2270 „Leipa
944 2199 1032 2257 scud‘
1048 2200 1085 2270 Ι),
1101 2216 1132 2271 p.
1148 2202 1357 2267 aaa-332).—

184 2305 266 2378 Quod
285 2306 391 2364 Cicero
412 2307 531 2377 (Brutus
550 2304 567 2382 g
583 2304 652 2381 v252)
674 2304 831 2363 Caesarem
855 2306 1082 2363 commentarios
1107 2308 1283 2364 scribentem
1306 2323 1356 2365 vo-

179 2413 269 2470 luisse
277 2413 371 2482 ‘dicit
392 2413 480 2484 ,alios
499 2413 609 2470 habere
628 2419 744 2484 parata,
760 2412 836 2470 unde
856 2418 1015 2481 sumerent,
1032 2415 1081 2484 qui
1099 2415 1207 2471 vellent
1226 2414 1356 2471 scribere

181 2519 352 2577 historiam“
373 2518 439 2596 (cfr.
461 2520 540 2577 Hirt.
561 2519 597 2576 de
617 2519 683 2576 bell.
705 2519 782 2578 Gall.
804 2518 886 2587 VIII,
906 2519 976 2590 pn),
997 2520 1043 2576 his
1062 2521 1170 2588 verbis,
1191 2536 1257 2577 curn
1280 2536 1357 2576 com·

179 2627 318 2683 mentarii
345 2626 380 2683 de
408 2626 485 2684 bello
514 2626 628 2685 Gallico
650 2626 708 2683 sint
731 2626 812 2731 veti,
832 2626 905 2684 vitia
929 2627 1204 2685 commentariorum
1223 2627 1259 2684 de
1278 2626 1355 2684 bello

179 2732 330 2796 civiliillo
349 2728 483 2805 ternpore
502 2733 629 2790 nondum
649 2733 795 2791 editorum
815 2734 951 2791 excusari
970 2750 1056 2805 posse
1075 2750 1160 2806 nego.

214 2836 239 2913 ³)
259 2841 377 2911 Septem
393 2844 423 2896 et
437 2840 538 2897 decem
557 2855 608 2896 eos
625 2838 714 2896 fuisse
731 2839 835 2898 Suidas
850 2839 942 2897 tradit
956 2843 994 2910 (v.
1011 2836 1143 2910 Ἀσίνιος,Ι
1156 2842 1182 2910 Ι,
1196 2858 1226 2912 p.
1241 2845 1294 2900 786
1307 2842 1353 2900 ed.

174 2949 312 3018 Bernh.).
330 2946 385 3019 Qui
404 2964 541 3004 numerus
561 2948 617 3004 etsi
637 2947 793 3018 siugularis
809 2953 853 3005 est
866 2948 992 3020 ideoque
1011 2965 1146 3021 magnam
1161 2949 1354 3021 suspicionem

174 3065 284 3129 movet,
306 3064 405 3115 tamen
425 3074 442 3114 a
460 3058 544 3114 nobis
563 3056 636 3114 reici
655 3073 715 3113 non
733 3062 840 3128 potest.

213 3170 236 3238 ¹)
258 3166 330 3225 (lum
349 3183 386 3223 ex
404 3164 523 3223 Horatii
547 3165 645 3222 verbis
669 3171 773 3230 (carm.
794 3164 833 3232 ΙΙ,
856 3170 882 3233 1,
905 3169 918 3221 1
944 3168 1020 3236 seq.)
1040 3166 1240 3237 intellegatur,
1259 3167 1353 3224 Asinii

173 3276 319 3333 librorum
339 3291 490 3345 summam,
513 3279 545 3331 ut
558 3276 601 3331 ita
615 3273 722 3342 dicam,
735 3273 824 3330 fuisse
838 3273 946 3330 bellum
960 3275 1036 3330 iuter
1052 3273 1210 3332 Caesarem
1226 3279 1255 3331 et
1269 3275 1355 3332 Pom·

177 3383 275 3455 peiurn
303 3388 426 3454 gestum,
447 3398 571 3453 cumque
601 3398 651 3439 eos
680 3386 709 3438 et
732 3382 867 3438 Valerius
896 3381 1044 3439 Maximus
1064 3380 1155 3449 (VIII,
1177 3383 1211 3439 13
1230 3386 1305 3439 extr.
1326 3388 1353 3452 4,

174 3490 245 3548 edit.
267 3488 390 3559 Kempf)
408 3495 437 3546 et
457 3489 569 3547 Seneca
588 3491 711 3556 (suasor.
734 3488 785 3557 VI,
805 3492 848 3557 15,
867 3505 897 3559 p.
916 3492 962 3557 41,
985 3490 1030 3555 19;
1045 3503 1073 3557 p.
1088 3491 1133 3555 46,
1154 3489 1205 3558 293
1225 3506 1255 3560 p.
1275 3493 1320 3549 41,
1337 3492 1355 3546 2
1464 3528 1466 3533 «

179 3613 238 3668 seq.
250 3630 284 3638 -
296 3597 366 3654 edit.
388 3596 548 3670 Kiessling)
566 3601 672 3654 vocent
690 3596 841 3663 historias,
857 3593 929 3650 mihi
949 3592 1065 3665 quidem
1085 3594 1204 3652 dubium
1219 3611 1277 3652 non
1298 3601 1353 3664 est,

179 3704 246 3775 quin
262 3704 366 3764 Suidas
380 3707 420 3777 (v.
441 3701 561 3769 Ἀσίνιος
579 3700 704 3760 Πωλίων
721 3704 912 3771 (Ρωμαῖος-
923 3702 971 3759 ed.
987 3702 1097 3759 Bernh.
1114 3703 1137 3771 Ι,
1157 3719 1186 3773 p.
1205 3707 1272 3771 786)
1289 3704 1354 3782 Asi·

179 3812 255 3869 nium
284 3809 413 3884 idropicus
436 3807 606 3878 ίΡωμαικθίς
634 3809 665 3866 ἐν
693 3807 818 3883 βιβλίοις
840 3806 875 3877 ιζ’
904 3807 1065 3866 confecisse
1093 3809 1213 3867 tradens
1237 3810 1353 3871 easdem

173 3919 322 3993 significet
341 3938 368 3977 v.
389 3917 524 3990 Ilwiiwv,
542 3918 558 3974 ὁ
577 3917 696 3983 Ἀσίνιος
719 3914 898 3990 χρηματίσας
916 3916 969 3988 (ΙΙ,
990 3920 1016 3987 2,
1037 3933 1067 3987 p.
1089 3921 1140 3976 387
1159 3917 1205 3975 ed.
1228 3918 1351 3993 Bernh.)

168 4028 222 4084 'his
249 4027 363 4085 verbis:
385 4025 466 4098 ,περὶ
493 4036 544 4083 τοῦ
574 4025 712 4098 ἐμφυλίου
736 4033 786 4095 τῆς
811 4020 924 4093 Ῥώμης
947 4020 1086 4095 πολέμου,
1110 4023 1142 4080 ὅν
1167 4022 1350 4094 ἐπολέμησαν

1211 4132 1243 4187 l*
