3196 4634
835 260 1007 321 ..62-

373 406 493 469 Paullo
518 410 603 487 post,
631 424 731 486 quam
754 400 880 467 Caesar
909 403 1056 483 Magium
1085 401 1271 485 dimiserat,
1303 404 1375 483 ipse
1400 403 1489 465 Brun·

327 512 451 575 disium
476 512 631 593 pervenit
658 514 705 589 (a.
732 510 765 572 d.
792 509 858 571 VII
882 508 961 571 Idus
991 508 1237 570 Martias-cf.
1264 505 1335 572 Oic.
1363 508 1407 571 ad
1431 511 1490 571 Act.

329 619 391 701 IX,
416 618 459 680 13
485 618 527 700 A,
552 617 590 696 1)
623 621 657 679 et
680 621 813 697 praeter
847 635 939 697 spem
972 615 1124 678 consules
1157 633 1232 677 cum
1261 634 1383 696 magna
1407 620 1492 697 parte

328 727 494 790 exercitus
519 725 770 806 Dyrrhachium
798 724 966 805 profectos
1002 723 1137 803 reperit.
1175 722 1268 804 Quod
1292 725 1324 786 ei
1358 725 1492 787 acerbis·

325 835 445 896 simum
470 834 585 911 fuisse,
618 852 659 895 ex
691 851 729 894 eo
759 830 978 911 intellegitun
1010 829 1096 910 quod
1125 850 1201 892 cum
1228 830 1288 892 alii
1317 832 1493 912 scriptores

326 945 396 1002 tum
419 937 556 1004 Cassius
580 937 960 1019 D10(XL1‚12,1)et
984 936 1103 1000 Florus
1128 936 1188 1017 (ΙΙ,
1213 937 1273 1016 13)
1297 938 1370 1000 eius
1396 939 1492 1002 maxi·

329 1065 382 1108 ure
404 1047 597 1108 interfuisse
623 1044 770 1126 tradunt,
806 1051 843 1105 ut
866 1044 992 1107 bellum
1021 1045 1056 1104 in
1079 1043 1182 1105 Italia
1210 1044 1407 1108 'conficeret
1438 1045 1495 1107 Nc·

326 1172 390 1232 que
415 1158 527 1214 tamen
551 1151 672 1214 adduci
697 1169 842 1232 possum,
860 1154 896 1212 ut
920 1150 1120 1213 sententiam
1145 1150 1378 1232 plerorumque
1405 1153 1495 1213 huius

325 1261 447 1323 aetatis
471 1261 670 1341 scriptorum
694 1263 826 1321 secutus
841 1255 1020 1322 Caesarem
1046 1263 1114 1321 tem
1138 1259 1236 1338 parvi
1261 1259 1451 1341 aestimem,
1466 1262 1495 1320 ut
1555 1274 1556 1277 ’

323 1385 398 1429 eum
421 1370 558 1447 propter
582 1365 677 1427 illam
701 1383 773 1427 rem
797 1366 908 1428 animo
937 1362 1117 1426 demissum
1147 1370 1248 1444 atque
1277 1365 1413 1426 sincera
1437 1364 1494 1427 fide

326 1473 368 1535 ed
391 1490 512 1554 pacem
536 1471 797 1553 componendam
832 1471 993 1533 annixum
1026 1489 1100 1533 esse
1132 1470 1279 1534 credam.
1315 1471 1404 1534 Nam
1439 1472 1493 1535 etsi

324 1581 454 1661 ipsein
478 1581 728 1642 commentariis
753 1598 788 1641 se
813 1580 914 1641 etiam
943 1578 1003 1640 illo
1033 1582 1181 1658 ternpore
1205 1596 1276 1640 rem
1300 1577 1342 1640 ad
1366 1598 1492 1641 concor-

322 1686 415 1749 diam
440 1685 605 1748 adducere
626 1691 783 1748 conatum
812 1704 884 1747 esse
913 1685 1089 1766 gloriatur,
1120 1705 1156 1747 re
1182 1704 1263 1747 vera
1287 1690 1401 1747 tamen
1427 1706 1491 1749 eum

323 1814 381 1876 per
405 1793 650 1856 simulationem
675 1798 802 1855 tantum
837 1800 936 1873 atque
965 1811 1003 1856 eo
1032 1793 1170 1855 consilio
1199 1792 1239 1855 de
1263 1812 1346 1874 pace
1376 1796 1491 1876 egisse,

324 1906 361 1963 ut
384 1902 529 1982 spatium
555 1899 790 1981 intercederet
817 1899 895 1961 dum
919 1901 1117 1981 Pompeium
1147 1900 1408 1965 circumvallare
1433 1904 1491 1965 exi·

324 2013 425 2088 tuque
449 2007 626 2088 prohibere
651 2013 775 2087 posset,
803 2013 836 2068 et
860 2003 976 2069 Cicero
999 2006 1108 2068 etalii
1132 2006 1314 2087 scriptores
1339 2007 1442 2087 plane
1462 2013 1491 2070 et

321 2119 437 2196 aperte
461 2114 639 2177 ostendunt
651 2111 703 2187 58).
731 2113 839 2195 Quam
862 2113 1007 2176 ridicula
1031 2114 1200 2194 igiturest
1223 2113 1284 2176 illa
1306 2117 1488 2196 praescrip·

321 2224 379 2305 tio,
411 2242 477 2303 qua
509 2221 635 2286 Caesar
668 2222 810 2285 consilia
842 2242 902 2284 sua
936 2227 1064 2303 tegens:
1102 2222 1234 2306 „Atque
1267 2223 1351 2284 haec
1387 2224 1427 2302 [i.
1460 2242 1486 2285 e.

319 2453 423 2524 possit,
454 2452 523 2524 quin
551 2451 644 2523 Magii
670 2450 810 2507 mandata
834 2453 870 2508 ab
889 2467 925 2508 eo
944 2456 1177 2508 commemorata
1195 2452 1234 2520 (c.
1254 2452 1305 2507 63:
1323 2447 1423 2505 Ἕλὼν
1442 2445 1488 2521 γὰρ

322 2554 485 2628 Νουμέριον
497 2555 648 2625 Πομπηίον
661 2553 746 2626 φίλον
757 2553 925 2613 ἀπέστειλεν
945 2556 984 2622 εἰς
995 2553 1168 2628 Βρεντέσιον
1180 2554 1228 2611 ἐπὶ
1246 2565 1307 2621 τοῖς
1322 2553 1399 2621 ἰ’σοις
1410 2555 1488 2622 ἀξιῶν

317 2669 523 2735 διαλλαγῆναι)
541 2663 739 2734 intellegenda
758 2664 817 2720 sint
835 2680 881 2732 ea,
902 2680 976 2734 quae
992 2664 1103 2723 Caesar
1116 2663 1154 2721 ad
1168 2664 1291 2736 Pompei
1306 2665 1489 2724 condiciones

318 2788 372 2842 per
391 2770 474 2827 illum
493 2770 549 2827 sibi
567 2769 673 2827 allatas
691 2770 742 2840 (cl.
764 2769 801 2827 ad
820 2774 882 2828 Att.
901 2772 955 2837 ΙΧ,
977 2773 1018 2836 13,
1038 2774 1055 2828 8
1074 2777 1103 2829 et
1124 2775 1157 2829 13
1180 2773 1217 2840 A,
1245 2777 1272 2843 1)
1294 2773 1487 2844 responderit,

354 2882 390 2948 51)
409 2880 516 2938 Cicero
536 2878 586 2947 (ad
604 2880 668 2937 Att.
688 2880 740 2948 IX,
761 2882 804 2947 13,
824 2882 869 2949 8)
891 2881 1068 2952 „Pompeius
1087 2881 1123 2938 N.
1145 2882 1276 2953 Magium
1295 2880 1331 2938 de
1351 2898 1424 2953 pace
1443 2882 1490 2938 mi·
1552 2888 1553 2891 ’

316 2988 365 3053 sit,
395 2992 429 3043 et
457 2992 575 3044 tamen
604 2989 853 3059 oppugnatur“....
885 2989 990 3060 „Spem
1019 2995 1116 3046 autern
1145 2991 1226 3061 pacis
1254 2990 1349 3047 habeo
1374 2991 1488 3047 nullam:

317 3095 474 3154 Dolabella
493 3096 552 3152 suis
571 3095 677 3152 litteris
697 3096 796 3153 idibus
816 3097 903 3154 Mart.
923 3096 1000 3154 datis
1019 3114 1130 3154 merum
1150 3098 1257 3155 bellum
1284 3098 1442 3170 loquitur“.
1457 3132 1489 3139 -

316 3202 366 3271 (ad
384 3206 446 3261 Att.
468 3204 522 3271 ΙΧ,
545 3207 589 3270 14,
610 3205 648 3272 2)
671 3203 746 3274 „Ubi
765 3210 810 3261 est
828 3203 880 3260 illa
898 3221 966 3275 pax,
987 3203 1023 3261 de
1044 3221 1101 3275 qua
1119 3203 1230 3262 Balbus
1249 3207 1414 3277 scripserat
1432 3213 1490 3264 tor·

316 3311 403 3381 queri
431 3309 478 3367 se?
505 3310 609 3381 ecquid
638 3310 784 3378 acerbius,
813 3311 917 3382 ecquid
942 3311 1120 3369 crudelius?“
1142 3311 1227 3388 (εἰς
1250 3318 1285 3383 1).
1305 3346 1341 3355 -
1359 3315 1410 3382 (ad
1428 3320 1487 3373 Att.

317 3418 365 3486 111,
387 3422 414 3486 9,
434 3421 472 3487 2)
495 3419 645 3489 „discessu
664 3418 742 3474 enim
761 3417 877 3475 illorum
899 3420 931 3490 [i.
954 3435 981 3476 e.
1002 3406 1167 3491 consulum]
1185 3420 1264 3478 actio
1283 3420 1319 3478 de
1339 3437 1413 3493 paee
1428 3422 1488 3479 sub·

315 3524 377 3580 lata
395 3524 626 3607 emb-Cassius
646 3525 704 3582 Dio
724 3523 820 3599 (XLI,
833 3528 876 3594 12,
891 3528 934 3593 2)
950 3521 1018 3580 ἰδὼν
1034 3523 1064 3580 δὲ
1081 3524 1110 3597 [ὁ
1124 3527 1254 3598 Καῖσαρ]
1271 3524 1305 3582 τὸ
1320 3525 1487 3584 δυσάλωτον

253 3694 257 3715 Ι
314 3639 367 3685 τοῦ
397 3627 505 3701 χωρίον
530 3628 751 3701 προεκαλέσατο
771 3629 859 3686 αὐτὸν
882 3632 912 3703 [1.
932 3649 958 3688 e.
979 3629 1029 3688 τὸν
1050 3632 1216 3705 Πομπήιον]
1236 3631 1266 3698 ἐς
1285 3635 1437 3705 συνθήκας
1454 3634 1488 3700 ὡς

315 3734 366 3791 καὶ
385 3736 437 3804 τὴν
456 3736 568 3806 εἰρήνην
587 3736 638 3806 τήν
658 3756 689 3793 τε
708 3735 806 3815 φιλίαν
826 3734 1061 3817 ἀποληψόμενον.
1071 3741 1257 3799 -Suetonius
1271 3742 1341 3811 (div.
1362 3744 1416 3802 Iul.
1433 3749 1486 3812 34)

317 3845 387 3915 „hos
407 3845 439 3916 [i.
460 3859 486 3900 e.
507 3845 642 3902 consules
661 3852 690 3902 et
709 3843 896 3922 Pompeium]
910 3846 1021 3903 frustra
1034 3865 1087 3919 per
1101 3848 1195 3906 omnis
1214 3832 1314 3906 moras
1328 3850 1409 3908 exitu
1423 3868 1486 3924 pro·

314 3951 417 4009 hibere
431 3955 569 4009 conatus“
589 3954 858 4011 cet-Plutarchus
872 3955 987 4027 (Pomp.
999 3957 1057 4021 63)
1069 3955 1221 4025 Ἐδήλωσε
1236 3954 1266 4012 δὲ
1282 3959 1400 4029 Καῖσαρ
1415 3956 1485 4035 ἔργῳ

315 4055 430 4130 σφόδρα
450 4055 631 4131 φοβούμενος
650 4057 701 4115 τὸν
714 4058 832 4131 χρόνον.
