3196 4634
650 279 824 341 ...15-

137 425 299 506 Denique
330 420 641 485 commemorandae
675 425 752 482 sunt
774 419 957 501 periochae
985 420 1158 487 Livianae.
1186 419 1320 483 Velleio

137 530 323 593 Paterculo
348 533 458 591 autem
483 532 516 590 et
539 528 684 590 maxime
707 525 881 607 Suetonio,
907 525 998 589 haud
1022 526 1222 607 spernendis
1246 526 1318 588 illis

139 655 273 718 quoque
298 635 507 716 auct-oribus,
531 653 605 696 cum
629 633 740 695 Asinii
763 632 927 695 Pollionis
943 640 1012 694 tum
1031 633 1211 695 multorum
1236 633 1319 695 alio·

136 762 216 804 rum
241 742 443 822 scriptorum
470 739 551 802 libri
575 738 698 801 silvam
722 756 834 800 rerum
858 737 1157 819 suppeditaverunt
1171 740 1222 818 11).

188 953 287 1016 Nunc
311 952 469 1032 quoniam
498 950 655 1033 vidimus,
687 957 766 1031 quot
795 953 977 1034 qualesque
1006 955 1159 1014 auctores
1189 956 1317 1034 extent,

144 1060 271 1142 quibus
285 1059 335 1120 nsi
346 1058 471 1121 bellum
487 1058 587 1120 civile
599 1055 840 1122 Caesarianum
855 1077 1023 1140 exponere
1037 1058 1216 1140 possimus,
1229 1077 1321 1121 acce·

144 1167 267 1230 damus
291 1165 330 1228 ad
352 1164 574 1229 excutendam
598 1166 705 1246 ipsam
735 1167 978 1249 quaestionem,
1004 1186 1083 1228 num
1097 1165 1234 1227 Asinius
1259 1183 1318 1227 suo

150 1276 226 1336 inre
241 1275 351 1336 fecerit
372 1291 526 1336 severum
546 1272 641 1357 illud,
663 1273 751 1355 quod
771 1293 873 1354 supra
891 1274 1139 1356 proposuimus,
1160 1272 1319 1335 iudicium

153 1381 194 1444 de
217 1378 368 1444 Caesaris
394 1381 655 1442 commentariis.
682 1380 755 1443 Iam
779 1381 1151 1462 complureshomines
1177 1380 1317 1463 literati,

148 1493 185 1549 nt
206 1487 300 1549 initio
320 1487 419 1548 huius
440 1484 676 1568 disputationis
696 1488 1043 1569 commemoravimus,
1069 1486 1112 1549 de
1135 1485 1201 1550 fide
1222 1492 1320 1568 atque

131 1595 345 1681 ⁴auctoritate
370 1590 526 1656 Caesaris
550 1593 793 1656 disseruerunt,
820 1593 886 1657 Sed
909 1612 984 1655 cnm
1004 1612 1118 1656 omnes
1143 1595 1211 1656 fere
1235 1593 1318 1655 levi·

147 1706 198 1762 ter
222 1700 480 1781 summatimque
510 1719 583 1761 rem
608 1704 753 1762 tractent
778 1699 919 1782 ideoque
944 1702 1055 1762 facere
1086 1700 1319 1780 nonpossint,

139 1808 222 1887 quin
248 1808 383 1888 saepius
408 1809 443 1868 in
463 1807 603 1888 singulis
627 1808 724 1870 rebus
743 1808 961 1870 vehementer
981 1810 1093 1869 errent
1118 1812 1216 1888 atque
1237 1806 1320 1869 adeo

138 1914 178 1974 in
212 1913 414 1993 scriptorem
443 1913 626 1994 iniquiores
655 1932 691 1976 se
720 1913 917 1995 praebeant,
948 1931 1014 1974 non
1043 1911 1216 1993 indignum
1245 1931 1319 1974 esse

138 2021 229 2082 mihi
251 2016 386 2083 ridetur
407 2026 511 2082 totam
530 2020 757 2101 quaestionem
782 2019 823 2082 ab
843 2020 975 2101 integro
999 2019 1132 2081 habere
1157 2024 1256 2097 atque
1270 2019 1321 2079 ita

141 2128 333 2209 instituere,
354 2133 391 2188 ut
414 2127 597 2208 praecipue
619 2126 659 2189 de
684 2127 824 2208 singulis
846 2126 1005 2206 deinceps
1029 2127 1127 2189 rebus
1147 2144 1246 2206 quam
1270 2123 1317 2186 di-

144 2233 367 2313 ligentissime
383 2232 566 2295 disseratur
580 2208 686 2312 'atque
701 2237 937 2315 cognoscatur,
959 2231 1077 2313 quibus
1094 2231 1205 2293 causis
1230 2250 1318 2293 com-

145 2344 253 2401 motus
288 2336 416 2402 Caesar
440 2340 526 2401 hanc
559 2358 631 2401 rem
661 2340 828 2402 uberrime
857 2338 1060 2421 exposuerit,
1097 2336 1192 2398 illam
1221 2338 1320 2400 aliter

143 2465 181 2510 ae
205 2448 313 2511 ceteri
337 2447 519 2539 scriptores
543 2448 746 2529 narraverit,
772 2447 868 2510 illam
892 2445 1036 2528 denique
1062 2446 1196 2508 silentio
1220 2463 1318 2526 prae-

143 2554 338 2616 termiserit.

175 2781 213 2852 ¹¹)
234 2781 281 2838 De
309 2779 355 2836 his
384 2779 518 2838 omnibus
547 2781 740 2852 scriptoribus
767 2781 867 2839 confer
895 2782 1055 2854 imprimis:
1086 2782 1209 2840 Kohler:
1240 2781 1320 2853 „Qua

136 2887 259 2945 ratione
283 2887 361 2945 Livii
390 2887 543 2945 annalibus
572 2889 617 2945 usi
640 2888 698 2946 sint
718 2889 854 2946 historici
877 2889 978 2961 graeci
1002 2895 1031 2947 et
1049 2889 1150 2947 latini“
1172 2888 1317 2960 (Gotting.

137 2998 236 3063 1861);
253 2994 413 3053 Grasshof:
427 2994 488 3067 ,De
502 2994 632 3054 fontibus
643 3001 672 3053 et
687 2997 864 3054 auctoritate
874 2984 978 3055 Dionis
993 2998 1091 3055 Cassi“
1104 2998 1210 3070 (Bonn.
1226 2997 1317 3065 1867);

136 3101 301 3159 Bottoher:
323 3101 441 3172 „Ueber
460 3101 507 3158 die
529 3102 649 3173 Quellen
668 3085 720 3159 des
741 3103 859 3161 Cassius
879 3103 936 3161 Dio
955 3104 986 3160 in
1010 3106 1108 3161 seiner
1130 3101 1319 3171 Darstellung

27 3254 30 3259 ⁴
135 3211 190 3268 des
205 3209 443 3282 Burgerkricges
459 3210 603 3267 zwisehen
618 3213 728 3271 Caesar
742 3212 802 3269 und
816 3213 993 3284 Pompeius“
1004 3208 1216 3283 (Halberstadt.
1231 3210 1320 3279 1872);

138 3317 276 3377 Zscheoh
288 3338 293 3372 :
308 3312 368 3389 „lle
380 3317 522 3376 Cicerone
534 3324 563 3376 et
575 3320 661 3377 Livio
673 3321 786 3377 Valerii
800 3321 925 3381 Maximi
938 3319 1083 3379 fontibus“
1094 3320 1208 3391 (Berol.
1226 3319 1318 3388 1865),

124 3428 206 3498 .p.3
235 3441 298 3496 seq.
320 3430 349 3481 et
379 3428 495 3496 23-503
516 3426 628 3499 Kempf
651 3427 682 3484 in
709 3429 927 3500 prolegomenis
955 3429 993 3486 ad
1020 3427 1130 3486 Valerii
1160 3426 1319 3484 editionem

144 3533 255 3601 (Berol.
279 3535 372 3602 1854),
392 3551 422 3605 p.
445 3538 479 3592 15
498 3536 723 3606 seq-Beier:
744 3537 805 3608 „De
825 3537 910 3595 Livio
934 3536 1047 3595 Lucani
1066 3537 1097 3593 in
1125 3535 1255 3593 carmine
1283 3532 1319 3590 de

148 3641 220 3698 bello
238 3641 319 3700 civili
339 3645 478 3700 auotore“
498 3644 716 3715 (Schweidnitz.
737 3649 827 3715 1874).
839 3645 979 3705 —Wlad
1001 3644 1147 3718 Pirogoff:
1170 3645 1232 3716 „De
1261 3642 1318 3700 Eu·

145 3749 231 3821 tropii
258 3748 402 3807 breviarii
429 3740 528 3808 indole
556 3769 591 3809 ao
611 3726 768 3810 'fontibus‘
793 3754 808 3811 1
835 3752 947 3821 (Berol.
980 3756 1071 3822 1873),
1096 3770 1124 3824 p.
1149 3755 1184 3809 39
1211 3766 1319 3822 seq.-

142 3856 297 3915 Moerner:
321 3857 381 3929 „De
408 3857 508 3915 Orosii
536 3859 599 3916 vita
620 3859 742 3930 eiusque
764 3859 955 3918 historiarum
983 3859 1067 3917 libris
1095 3860 1152 3917 VII
1175 3858 1319 3920 adversus

138 3969 289 4037 paganos“
312 3965 424 4036 (Berol.
446 3968 538 4035 1844),
559 3981 624 4037 pag.
644 3969 679 4024 49
699 3964 872 4037 seq-cfr.
894 3966 963 4024 edit.
985 3966 1218 4038 Zangemeisteri
1236 3967 1318 4037 (Vin-

137 4074 322 4144 dob.1882).
