3196 4634
837 253 1010 315 ..23-

334 396 451 458 habitu
473 414 578 477 neque
602 395 681 457 ullis
707 395 810 456 armis
838 395 948 457 ornati
972 398 1069 457 erant
1092 394 1158 456 nisi
1182 394 1396 476 pugionibus,
1425 392 1489 454 Ari·

334 503 460 564 minum
484 503 658 584 praemisit
686 503 794 564 subito
818 506 915 584 atque
939 520 980 564 ex
1008 502 1191 582 improviso
1215 499 1382 582 oppidum
1408 518 1491 562 occu·

333 617 481 693 paturos.
507 611 584 692 Ipse
603 630 677 673 eum
697 611 826 692 reliqua
845 615 941 692 parte
964 611 1128 673 exercitus
1148 613 1327 675 Ravennae
1343 609 1494 672 remansit

333 723 444 800 atque,
469 737 510 781 ne
534 738 599 799 qua
623 719 767 799 suspicio
791 723 992 798 moveretur,
1019 718 1191 798 apparatis
1217 716 1322 796 epulis
1348 735 1420 779 suos
1443 735 1492 777 ac·

333 826 432 907 oepit.
459 825 524 893 Sub
548 844 721 907 vesperam
751 831 860 889 antem
886 843 903 887 e
927 824 1080 887 convivio
1109 823 1290 904 digressus,
1319 843 1392 885 cum
1421 841 1494 885 non·

334 932 435 993 nullis
456 930 678 993 familiaribus
698 931 910 1012 imperasset,
926 936 962 992 nt
981 931 1126 1012 reliquas
1142 932 1256 1011 copias
1276 930 1350 1011 ipso
1370 929 1496 992 demum

331 1039 478 1118 profecto
501 1037 678 1120 paullatim
707 1042 806 1117 atque
830 1036 973 1100 diversis
1002 1036 1177 1100 itineribus
1208 1036 1396 1118 educerent,
1425 1054 1496 1097 cum

331 1163 511 1225 pancorum
540 1148 666 1205 tantum
697 1161 873 1225 eorumque
903 1144 1181 1206 amicissimorum
1214 1143 1498 1222 comitatu—quo

331 1250 366 1311 in
381 1268 517 1312 numero
532 1251 633 1312 etiam
648 1250 783 1312 Asinius
799 1251 861 1312 tuit
872 1287 912 1296 -
925 1249 968 1312 ad
982 1250 1189 1313 Rubiconem
1204 1248 1383 1312 contendit.
1406 1246 1499 1329 Quod

332 1356 375 1418 ad
400 1355 520 1419 flumen
544 1375 618 1417 curn
642 1357 861 1438 pervenisset,
887 1357 923 1419 in
942 1357 1013 1419 eins
1038 1358 1125 1438 ripa,
1152 1360 1324 1437 tamqnam
1343 1359 1498 1436 reputans

332 1467 490 1544 quantum
505 1463 689 1544 moliretur,
709 1464 820 1525 animo
837 1462 1024 1544 fluctuaret,
1038 1462 1223 1543 paullisper
1239 1461 1389 1524 constitit
1402 1466 1499 1542 atque

332 1562 374 1629 ad
395 1570 530 1631 comites
545 1588 737 1632 conversus:
762 1570 836 1654 ,hic
857 1571 1029 1649 transitus,
1046 1569 1166 1651 inquit,
1184 1571 1379 1649 properatus
1395 1568 1499 1629 omni·

329 1674 389 1737 bus
404 1676 604 1758 hominibus,
621 1676 744 1738 dilatus
759 1676 842 1737 mihi
861 1676 1038 1738 multorum
1062 1675 1227 1738 malorum
1252 1675 1316 1737 erit
1330 1671 1498 1737 initium“.

331 1782 455 1861 Quibus
480 1781 577 1844 dictis
602 1783 749 1844 animum
773 1781 908 1862 collegit
937 1785 1036 1861 atque
1064 1782 1173 1844 aleam
1196 1783 1320 1843 iactam
1346 1800 1418 1844 esse
1441 1799 1499 1843 ex·

330 1888 479 1951 clamans
505 1889 626 1952 flumen
651 1891 782 1952 traiecit
805 1895 1040 1971 properaturus
1065 1888 1265 1951 Ariminum.

372 1995 466 2057 Hanc
481 1995 641 2059 habemus
657 1998 822 2077 integram
837 1996 1052 2076 omnibusque
1071 1995 1259 2077 lenociniis,
1278 2014 1364 2075 quae
1383 2000 1501 2077 postea

327 2104 379 2180 (sut
403 2103 493 2184 apud
511 2094 721 2182 Suetonium)
741 2104 858 2166 afficta
882 2108 969 2185 sunt,
991 2106 1160 2165 carentem
1175 2094 1403 2165 narrationem
1421 2103 1498 2165 Asi·

326 2211 385 2292 nii,
413 2212 507 2273 cuius
537 2211 577 2274 de
606 2211 670 2275 fide
700 2193 860 2274 adversus
891 2211 1078 2273 Drumanni
1108 2211 1307 2273 sententiam
1335 2212 1495 2295 („Gesch.

326 2314 446 2383 Romsl
467 2317 528 2399 lll,
554 2319 635 2397 420)
654 2319 790 2380 minime
810 2317 964 2380 dubitare
987 2336 1176 2398 possumus.
1202 2316 1306 2379 Immo
1320 2305 1494 2379 ‘enimvero

327 2440 401 2484 eam
426 2442 500 2484 cnm
524 2425 607 2505 ipsis
637 2426 736 2488 rebus
761 2425 908 2486 maxime
937 2442 1120 2504 congruere
1143 2422 1266 2486 iudico.
1295 2422 1389 2504 Quod
1412 2420 1492 2486 an-

326 2548 383 2591 sar
408 2549 481 2591 cum
508 2535 602 2594 tanta
624 2531 813 2613 prudentia,
845 2533 1012 2613 cautione,
1039 2532 1264 2594 occultatione
1287 2532 1494 2613 propositum

326 2655 502 2718 aggressus
528 2643 590 2721 est,
617 2639 704 2720 quod
727 2659 851 2720 magna
876 2659 954 2721 pars
980 2640 1146 2702 exercitus
1171 2640 1254 2719 eius,
1279 2658 1343 2720 quc
1365 2638 1493 2720 profici·

326 2749 510 2827 scerentur,
527 2746 639 2808 celata
654 2750 716 2829 est,
738 2745 880 2826 denique
899 2745 986 2828 quod
1005 2746 1129 2808 milites
1153 2745 1345 2827 praemissi,
1372 2752 1409 2807 nt
1424 2746 1495 2808 sine

275 2884 280 2893 ·
325 2848 394 2910 ullo
430 2851 572 2912 tumultu
604 2852 793 2914 Ariminum
826 2855 1038 2934 occuparent,
1073 2856 1193 2931 pacato
1229 2851 1347 2912 habitu
1386 2852 1495 2914 ornati

325 2961 421 3019 erant
432 2994 472 3002 -
483 2960 567 3021 haec
582 2961 693 3022 omnia
708 2960 906 3042 planissime
926 2957 1113 3040 ostendunt,
1136 2956 1319 3021 Caesarem
1338 2958 1397 3022 illo
1414 2964 1493 3021 tem·

323 3084 402 3145 pore
426 3065 569 3128 nondum
585 3068 743 3131 habuisse
763 3087 837 3130 eam
854 3067 1021 3149 fiduciam,
1040 3086 1140 3147 qnam
1161 3085 1243 3147 prae
1260 3086 1296 3129 se
1313 3067 1400 3148 tulit,
1418 3086 1493 3128 cum

297 3151 467 3252 ‘primum
500 3174 627 3235 animos
656 3174 802 3236 militum
830 3173 872 3236 ad
901 3175 1054 3254 iniurias,
1090 3193 1173 3254 quas
1202 3173 1342 3235 tribunis
1376 3173 1493 3234 illatas

323 3295 397 3340 esse
421 3277 507 3340 dixit
519 3277 574 3363 ²⁹),
595 3280 765 3360 ingeniose
786 3280 1054 3343 animadvertere
1078 3279 1192 3358 itaque
1213 3278 1257 3340 ad
1279 3278 1494 3341 alacritatem

324 3384 535 3466 studiumque
559 3386 729 3469 pugnandi
752 3388 894 3451 incitare
917 3389 1035 3469 potuit.

323 3546 534 3555 ——-—-—-

357 3615 393 3679 ²⁹)
412 3614 456 3670 Re
475 3630 546 3671 vera
564 3614 698 3672 tribunos
717 3614 812 3687 plebis
833 3616 912 3673 nulla
931 3618 1040 3674 iniuria
1059 3615 1181 3672 affectos
1201 3630 1266 3671 esse
1294 3613 1447 3678 concedes,
1470 3614 1495 3671 si

322 3718 489 3775 memineris
506 3719 537 3775 in
557 3720 635 3776 omni
653 3721 784 3792 periculo
806 3720 1030 3793 discriminaque
1049 3721 1093 3778 rei
1113 3721 1247 3793 publicae
1275 3736 1364 3791 penes
1392 3725 1494 3791 patres
1563 3736 1564 3757 ³

320 3823 411 3882 luisse
431 3828 711 3884 senatusconsultum
731 3828 862 3886 ultimum
881 3828 979 3887 iacere
999 3846 1094 3901 eoque
1122 3828 1241 3885 summis
1270 3828 1494 3900 magistratibus

321 3935 432 3988 tantam
452 3932 625 4002 permittere
643 3939 827 4006 potestatem,
848 3943 957 4008 quanta
971 3937 1007 3993 iis
1026 3936 1112 3994 aliter
1132 3937 1194 3994 sine
1213 3936 1316 4009 populi
1329 3937 1409 3992 iussn
1428 3953 1493 3994 esse

321 4056 380 4096 non
408 4040 506 4111 potuit
535 4040 582 4111 (cf.
610 4041 678 4099 Sall.
698 4042 733 4099 de
762 4045 874 4102 eoniur.
902 4045 967 4104 (lat.
994 4048 1038 4113 29,
1065 4048 1157 4113 2—3).
1182 4046 1285 4116 Itaque
1315 4044 1426 4103 Caesar
1445 4045 1493 4103 hic
