3196 4634
612 220 821 331 471-

154 416 156 420 ’
211 419 276 483 Sed
300 421 381 482 haec
405 420 578 479 hactenus.
605 416 694 478 Satis
720 417 808 478 enim
832 415 1074 477 demonstrasse
1099 413 1182 474 mihi
1206 411 1334 493 videor,

165 527 294 588 nullam
318 524 359 586 de
382 526 482 589 rebus
505 523 750 604 siciliensibus,
772 521 859 603 quod
879 539 939 584 eae
957 520 999 583 ad
1022 520 1207 582 Pollionem
1227 499 1259 580 et
1274 515 1335 580 Ou-

166 634 293 695 rionem
304 714 306 717 ι
317 632 519 712 pertineant,
537 630 798 710 discrepantiam
817 632 933 691 extare
950 629 1037 691 inter
1053 626 1245 707 Appianum
1260 626 1336 687 Plu·

167 740 398 820 tarchumque,
416 757 554 818 quorum
575 737 726 798 narratio
740 736 853 797 Asinii
871 736 1030 797 historias
1047 733 1189 815 redolet,
1207 738 1241 795 et
1255 730 1336 796 Cae·

167 866 277 909 sarem
311 863 416 927 neque
445 843 514 905 ullo
543 843 640 905 modo
673 844 760 904 hunc
790 842 942 903 accusari
971 860 1080 921 posse,
1112 839 1200 920 quod
1227 839 1262 900 in
1295 839 1337 899 iis

166 953 266 1015 rebus
295 950 501 1031 exponendis
531 970 551 1011 a
579 951 722 1012 veritate
753 949 938 1012 deflexerit.
969 949 1041 1010 Hoc
1067 967 1168 1009 unum
1198 943 1337 1009 Caesari

166 1060 250 1121 vitio
276 1057 471 1120 vertendum
492 1061 552 1137 est,
575 1056 661 1138 quod
681 1056 793 1118 odium
818 1057 853 1117 in
873 1053 1034 1118 Catonern
1059 1056 1252 1135 profusurus
1269 1054 1339 1115 eius

165 1165 404 1246 profectionem
428 1163 477 1225 ita
501 1168 648 1244 enarrat,
674 1167 711 1223 ut
739 1162 768 1223 is
798 1182 861 1224 non
886 1162 939 1222 vir
963 1165 1132 1242 constans,
1160 1158 1217 1221 sed
1244 1159 1336 1239 igna-

165 1292 226 1334 vus
252 1278 350 1354 atque
375 1292 395 1333 a
419 1276 529 1333 mente
553 1271 705 1333 desertus
721 1289 793 1333 esse
808 1269 977 1352 videatur,
996 1268 1145 1350 quodque
1169 1287 1245 1330 enm
1261 1271 1338 1329 ante

115 1374 123 1394 ⁶
166 1380 278 1459 lugam
298 1379 332 1439 in
357 1378 509 1440 contione
534 1377 616 1439 talia
641 1376 682 1439 de
698 1378 856 1457 Pompeio
877 1353 1045 1458 tamquam
1060 1374 1100 1438 de
1118 1373 1286 1456 proditore
1306 1379 1340 1435 et

166 1487 247 1549 belli
266 1506 332 1549 non
352 1487 533 1548 necessarii
553 1491 689 1548 auctore
712 1489 904 1567 querentem
921 1485 1028 1566 fingit,
1054 1483 1169 1565 qualia
1191 1482 1339 1544 dubitari

166 1613 231 1656 non
257 1598 378 1674 potest,
405 1594 485 1672 quin
509 1590 593 1655 Cato
618 1612 798 1674 numquam
822 1601 958 1674 questus
984 1593 1037 1653 sit.

212 1698 275 1766 Sed
299 1718 478 1779 pergarnus
502 1699 571 1761 iarn
596 1698 638 1761 ad
658 1699 788 1780 reliqua
805 1697 1058 1780 videamusque,
1074 1695 1239 1778 quomodo
1256 1693 1337 1758 Cae·

167 1826 224 1868 sar
248 1825 302 1867 res
326 1804 369 1867 ad
394 1805 512 1867 urbem
537 1809 628 1867 actas
652 1806 687 1866 in
711 1805 962 1866 commentariis
987 1802 1167 1865 describat.

212 1912 320 1992 Atque
343 1911 402 1972 ille
427 1910 604 1974 Brundisio
628 1911 773 1974 Romam
797 1913 964 1992 profectus
985 1913 1148 1989 senatum,
1176 1914 1340 1988 utsupra

168 2006 519 2100 commemoravimus,
547 2017 709 2080 Kalendis
734 2017 907 2097 Aprilibus
929 2017 1074 2097 primurn
1098 2016 1206 2095 coegit
1221 2033 1260 2076 eo
1276 2014 1338 2076 soi·

167 2125 249 2187 licet
273 2125 398 2205 animo,
433 2127 470 2184 ut
503 2124 668 2186 factorum
701 2125 979 2202 consiliorumque
1012 2140 1147 2183 suorum
1175 2121 1339 2182 rationem

167 2232 318 2294 omnibus
343 2231 500 2311 probaret
525 2236 624 2311 atque
647 2212 762 2313 populi
786 2231 930 2293 Romani
949 2230 1156 2291 voluntatem
1177 2229 1241 2290 sihi
1264 2246 1338 2288 con-

167 2337 342 2425 ciliaturus
368 2356 499 2400 omnem
524 2339 658 2418 culpam
682 2337 762 2400 belli
787 2337 897 2398 civilis
917 2338 952 2397 in
971 2336 1192 2416 Pompeianos
1212 2336 1338 2396 eonfer-

168 2450 232 2508 ret.
259 2445 375 2526 Itaque
407 2445 439 2507 in
471 2449 586 2507 senatu
611 2446 798 2506 orationem
821 2445 924 2506 habet
948 2448 980 2506 et
1006 2443 1167 2528 ,iniurias
1191 2442 1338 2503 inimico·

168 2574 242 2615 rum
267 2557 517 2615 commemorat.
555 2553 662 2616 Docet
685 2571 721 2614 se
746 2551 875 2613 nullum
909 2549 1216 2614 extraordinarium
1239 2551 1339 2611 hono·

168 2678 240 2721 rem
265 2660 445 2741 appetisse,
480 2658 536 2721 sed
566 2666 760 2740 exspectato
789 2659 939 2739 legitimo
970 2664 1119 2737 tempore
1147 2657 1340 2719 consulatus

168 2786 208 2829 eo
233 2766 336 2828 fuisse
360 2771 560 2848 contentum,
578 2766 664 2848 quod
680 2767 832 2829 omnibus
852 2766 980 2827 civibus
1000 2770 1140 2845 pateret.
1163 2765 1283 2826 Latum
1299 2763 1340 2824 ab

168 2873 200 2934 X
216 2874 357 2935 tribunis
374 2874 479 2954 plebis
499 2873 803 2937 contradicentibus
825 2874 982 2955 inimicis,
1004 2870 1130 2936 Catone
1151 2891 1230 2934 vero
1247 2890 1339 2933 acer·

169 2982 254 3044 rime
278 2987 485 3063 repugnante
509 2986 542 3044 et
565 2983 709 3062 pristina
733 2981 970 3043 consuetudine
993 2980 1125 3044 dicendi
1151 3000 1245 3043 mora
1268 2978 1340 3042 dies

169 3090 377 3171 extrahente,
414 3094 449 3151 ut
482 3091 533 3151 sui
566 3091 652 3152 ratio
686 3090 833 3152 absentis
872 3091 1064 3172 haberetur,
1099 3090 1172 3169 ipso
1205 3087 1341 3150 consule

168 3196 340 3276 Pompei03
366 3196 424 3275 qui
448 3197 477 3257 si
500 3197 736 3277 improbasset,
762 3216 822 3257 cur
846 3197 928 3258 ferri
951 3215 1070 3277 passus
1096 3197 1200 3257 esset?
1220 3195 1247 3255 si
1267 3212 1339 3273 pro·

169 3305 293 3383 basset,
320 3322 436 3365 curse
461 3304 510 3364 uti
537 3305 651 3384 populi
680 3304 840 3367 beneficio
868 3305 1110 3385 prohibuisset?
1126 3298 1341 3364 ‘Patientiam

88 3437 90 3441 ¹
168 3411 325 3492 proponit
357 3431 465 3493 suam,
491 3430 564 3473 curn
591 3411 631 3474 de
661 3414 862 3475 exercitibus
888 3410 1094 3474 dimittendis
1119 3409 1207 3472 ultro
1231 3416 1340 3490 postu·

169 3625 382 3633 ,--.-..---

169 3743 250 3800 facta
268 3743 337 3809 sint,
356 3745 481 3800 vaniora
501 3753 530 3800 et
550 3745 722 3803 obscuriora
741 3747 812 3803 mihi
834 3745 948 3816 quidem
965 3745 1111 3811 videntur,
1128 3761 1214 3815 quarn
1229 3760 1265 3802 ex
1280 3744 1343 3814 qui·

169 3851 223 3907 bus
242 3849 396 3920 quiequam
415 3850 525 3907 certius
545 3851 644 3923 colligi
664 3853 765 3923 possit.
788 3851 974 3910 coniecturis
995 3851 1070 3908 enirn
1086 3851 1157 3907 nihil
1173 3849 1347 3931 proficimus

169 3957 345 4029 ingenuique
366 3974 429 4015 esse
448 3959 545 4016 iudico
564 3960 662 4031 potius
681 3966 783 4032 aperte
803 3957 937 4015 confiteri
957 3975 987 4017 se
1007 3959 1130 4030 nescire,
1161 3959 1231 4030 quid
1245 3957 1342 4016 Pollio

169 4046 352 4137 significarit,
374 4082 461 4137 quam
481 4067 543 4124 eius
560 4067 651 4124 verba
669 4068 756 4125 nimis
776 4065 882 4124 callide
901 4067 1093 4139 interpretari
1112 4068 1198 4126 velle.
