3196 4634
775 213 949 274 ..20-

316 352 389 434 Qua
408 372 444 416 re
465 355 647 416 constituta
666 355 809 418 alteram
829 357 1072 439 quaestionem,
1092 377 1171 418 num
1192 354 1318 420 Caesar
1338 358 1437 420 etiam

270 462 310 524 de
336 462 481 524 militum
499 481 634 524 suorum
654 462 816 526 seditione
836 463 1029 527 Placentiae
1045 470 1118 527 orta
1136 465 1266 528 locutus
1287 466 1329 527 sit
1353 467 1437 528 eius-

270 587 334 648 que
358 569 508 630 narratio
532 571 608 649 post
630 567 718 630 idem
744 574 844 649 caput
864 569 1007 632 alterum
1031 575 1065 633 et
1083 571 1280 634 vicesimum
1303 572 1436 635 interci-

270 675 371 757 derit,
402 695 477 737 cum
507 674 735 756 Nipperdeyio
763 675 803 753 [l.
830 676 854 738 l.
885 696 917 756 p.
950 677 1033 756 161)
1061 684 1180 741 contra
1209 679 1436 741 Drumannnm

269 776 657 868 (Ὧ11111111111111111111ιι
684 781 745 863 III,
771 781 849 864 470,
876 802 909 843 n.
931 783 988 865 453
1015 783 1091 864 758,
1118 803 1151 846 n.
1177 783 1434 865 4111111111-

268 887 413 970 gandam
433 904 503 950 esse
528 906 659 949 censeo.
686 887 830 948 Tantum
855 889 943 950 enim
967 889 1072 954 abest.
1099 895 1135 950 nt
1158 887 1314 953 Caesaris
1337 891 1436 952 inter-

268 1014 340 1058 esse
368 994 516 1076 potuerit
546 1012 819 1076 commemorare,
855 999 1016 1075 quantum
1046 995 1192 1058 taedium
1222 996 1302 1059 belli
1326 997 1437 1058 civilis

269 1102 547 1183 cepissetmilites
562 1120 649 1183 suos,
663 1107 699 1162 nt
711 1106 828 1164 contra
838 1121 902 1164 nou
912 1101 1007 1165 modo
1019 1102 1128 1166 levem
1143 1103 1241 1165 illum
1256 1105 1435 1187 fremitum,

267 1208 323 1289 qui
346 1209 434 1270 inter
457 1226 524 1287 eos,
554 1208 748 1288 priusquam
780 1209 814 1268 in
839 1206 1016 1271 Graeciam
1046 1210 1240 1287 transirent,
1267 1217 1357 1272 ortus
1386 1218 1435 1272 est

269 1319 369 1395 atque
395 1334 415 1375 a
437 1314 621 1376 Plutarcho
642 1310 754 1394 (Caes.
781 1314 837 1395 37)
868 1322 935 1377 tam
955 1314 1134 1396 diligenter
1162 1322 1350 1400 enarratur,
1380 1317 1437 1380 sed

267 1423 412 1484 Labieni
436 1421 653 1483 defectionem
668 1421 801 1483 silentio
826 1423 1073 1503 praetermittat
1096 1428 1128 1486 et
1144 1426 1235 1486 omni
1259 1425 1432 1487 occasione

266 1528 440 1593 ostendere
449 1533 590 1590 conatus
602 1547 677 1591 suos
688 1547 722 1591 se
733 1530 854 1610 qnippe
865 1529 1012 1591 melioris
1024 1549 1145 1593 causae
1155 1536 1434 1613 propugnatorem

267 1657 398 1718 semper
422 1637 565 1698 libenter
589 1623 721 1698 secutos
743 1655 814 1698 esse
838 1636 890 1699 vel
912 1638 1067 1699 minimos
1091 1657 1203 1701 eorum
1227 1658 1358 1702 errores
1378 1646 1434 1702 aut

266 1746 406 1807 reticeat
430 1748 488 1805 aut
512 1748 641 1823 purget.
673 1745 764 1823 Quae
794 1763 867 1805 cnm
897 1743 946 1804 ita
975 1744 1052 1825 siut,
1084 1745 1222 1806 stultum
1251 1765 1325 1808 esse
1351 1747 1433 1808 mihi

256 1850 401 1939 'videtur
425 1848 624 1911 contendere
644 1846 823 1912 Gaesarem
843 1849 884 1912 de
904 1851 1091 1913 truculenta
1114 1852 1175 1914 illa
1196 1858 1295 1933 atque
1314 1853 1433 1915 infesta

267 1958 430 2021 seditione
453 1957 646 2019 Placentiae
670 1938 756 2039 orta,
783 1958 875 2019 cuius
899 1958 1018 2019 vitium
1042 1959 1145 2020 nullis
1170 1960 1282 2022 verbis
1302 1959 1433 2023 decoris
1466 1966 1469 1987 ¹

267 2064 448 2129 obvolvere
471 2064 593 2145 potuit7
619 2064 752 2124 uberius
778 2065 971 2143 exposuisse
985 2062 1035 2143 ¹⁵).

310 2262 471 2341 Quoniam
495 2260 556 2321 hoc
585 2258 684 2320 modo
710 2278 776 2321 una
804 2278 908 2339 eaque
933 2279 1055 2340 magua
1081 2259 1206 2322 lacuna
1238 2260 1430 2342 diligentius

264 2369 469 2450 perlustrata
492 2367 651 2449 vidimus,
677 2365 711 2428 id
735 2366 823 2446 quod
845 2368 933 2429 infra
957 2385 1087 2447 quoque
1112 2369 1328 2448 spectandum
1353 2373 1428 2453 erit,

219 2463 224 2471 ’
265 2472 420 2538 Caesaris
445 2474 485 2536 de
510 2473 597 2536 bello
618 2473 711 2535 civili
736 2474 995 2581 cpmmentarios
1017 2473 1243 2554 compluribus
1264 2475 1345 2537 locis
1369 2496 1434 2538 non

268 2581 417 2662 integros
441 2580 485 2642 ad
508 2600 569 2642 nos
593 2581 799 2662 pervenisse,
831 2581 900 2641 iam
924 2578 967 2642 ad
990 2581 1194 2661 propositum
1225 2586 1434 2645 revertamur

266 2688 574 2769 examinemusque,
610 2689 734 2766 quanta
763 2687 881 2766 cuique
906 2688 954 2748 rei
985 2688 1026 2749 ab
1054 2686 1113 2749 illo
1147 2688 1318 2768 expositae
1351 2690 1438 2752 tides·

265 2794 419 2857 habenda
443 2795 498 2857 sit.

715 2985 981 3039 -ff—

263 3277 475 3285 —-—---—-—

263 3390 360 3457 docet,
381 3387 501 3458 colligat
519 3402 568 3442 res
587 3384 720 3456 Illyricas
739 3386 776 3442 ab
795 3385 848 3443 illo
868 3386 910 3454 (in
933 3386 1060 3443 secundo
1085 3385 1174 3453 libro,
1195 3385 1303 3458 quippe
1323 3386 1370 3443 cni
1389 3389 1435 3445 ul-

261 3497 334 3553 tima
360 3495 431 3552 lima
450 3495 537 3562 desit)
557 3497 685 3550 nondum
715 3492 865 3561 expositas
895 3508 966 3557 esse,
987 3509 1052 3549 cum
1080 3496 1211 3548 mortuus
1231 3493 1282 3548 sit:
1304 3508 1339 3549 ea
1368 3510 1437 3550 sen-

260 3602 355 3660 tentia
381 3602 500 3658 minime
530 3600 693 3673 probabilis
722 3616 785 3656 esse
814 3599 886 3656 mihi
913 3599 1028 3656 videtur
1055 3615 1127 3669 prae
1145 3599 1204 3656 illis
1224 3600 1307 3667 loeis,
1328 3599 1435 3670 quibus

261 3709 326 3781 ipse
346 3711 474 3780 scriptor
493 3707 591 3764 clades
610 3705 783 3764 Dolabellae
813 3711 841 3762 et
864 3706 986 3762 Antonii
1007 3721 1239 3765 commemorans
1258 3709 1305 3762 ter
1329 3707 1365 3764 ad
1385 3725 1436 3764 su-

260 3814 410 3886 periorem
431 3830 531 3871 earum
551 3812 778 3883 descriptionem
795 3811 918 3869 remittit
937 3811 1004 3881 (cfr.
1025 3817 1083 3867 not.
1109 3813 1163 3881 12).

297 3920 473 3989 11)Μ11111111
492 3924 576 3976 caute
596 3919 839 3991 considerateque
858 3919 1046 3977 Drumannus
1071 3924 1100 3976 et
1125 3918 1282 3977 Caesarem
1301 3919 1336 3975 de
1356 3921 1435 3977 sedi-

260 4027 341 4085 tione
360 4027 532 4085 Placentina
551 4025 723 4083 disseruisse
743 4032 773 4082 et
791 4027 852 4085 eius
873 4026 1072 4084 narrationem
1096 4027 1127 4082 in
1146 4024 1204 4081 fine
1223 4025 1342 4082 secundi
1361 4027 1434 4084 libri
