3196 4634
589 235 762 297 „29-

143 375 315 444 Secundum
337 378 553 440 itinerarium
577 375 748 458 Antonini,
766 376 795 438 si
818 376 975 463 quisivia
997 376 1167 440 Flaminia
1190 379 1253 439 iter

109 483 232 544 faciebat
248 486 388 550 Romam
408 485 628 565 profecturus,
652 482 694 545 ab
709 482 860 545 Arimino
885 480 1035 564 CCXXI,
1059 486 1255 550 aRavenna

110 585 218 651 CCLIV
240 590 336 652 milia
359 610 520 672 passuum
545 588 754 652 decurrenda
778 590 808 651 ei
832 587 995 669 erant³⁰].
1025 590 1064 651 In
1089 595 1182 652 tanta
1206 589 1253 651 di-

110 698 212 759 stantia
230 697 258 758 si
272 697 497 778 reputaveris,
515 716 615 778 quarn
633 695 812 777 neglegens
829 696 930 758 fuerit
944 697 1152 776 reipublicae
1173 701 1253 758 tem-

107 804 220 882 poribus
240 807 340 884 atque
363 804 616 884 incompositum
640 803 830 865 institutum
854 821 972 865 cursus
992 803 1130 885 publici,
1154 804 1255 866 facile

106 908 255 990 intelleges
280 914 410 972 certum
429 911 595 991 nuntium,
619 910 722 972 etiam
746 910 775 970 si
799 927 859 990 per
878 908 1071 972 veredarios
1091 911 1253 990 perferre-

108 1020 161 1097 tur,
181 1035 239 1078 non
261 1018 363 1079 citius
393 1036 494 1097 qnam
518 1017 624 1079 tribus
650 1016 766 1080 diebus
795 1019 934 1082 Romam
961 1018 1136 1098 pervenire
1160 1021 1253 1099 potu-

109 1121 215 1201 100031).
240 1124 335 1204 Quod
358 1125 460 1205 siper
480 1121 661 1187 Caesarem
681 1124 725 1205 (Ι,
746 1122 806 1202 14)
826 1142 887 1186 nec
902 1142 967 1185 non
985 1142 1045 1204 per·
1061 1120 1254 1187 Ciceronem

116 1363 202 1418 quoque
217 1351 351 1408 veritatis
371 1349 459 1407 fidem
477 1367 582 1422 parum
602 1357 712 1418 servat,
732 1365 797 1406 cum
815 1349 996 1421 indignatum
1021 1366 1052 1406 se
1081 1367 1143 1408 esse
1170 1352 1256 1407 simu-

115 1453 171 1511 lans:
187 1457 375 1527 ,decurritur
394 1457 490 1528 inquit
508 1458 545 1527 (I,
565 1464 593 1524 b,
613 1460 653 1526 3),
674 1456 710 1514 ad
729 1457 803 1514 illud
826 1464 990 1514 extremum
1013 1462 1102 1527 atque
1121 1457 1256 1514 ultimum

115 1569 376 1635 emusconsultum
399 1584 456 1638 quo
476 1568 530 1624 nisi
552 1583 645 1638 paene
659 1567 689 1623 in
710 1567 776 1638 ipso
796 1566 878 1623 urbis
897 1566 1035 1624 incendio
1051 1572 1138 1638 atque
1162 1567 1192 1623 in
1207 1567 1256 1623 de-

111 1674 248 1741 speratione
259 1674 393 1732 omnium
404 1673 505 1731 salutis
515 1679 684 1731 senatorum
694 1674 816 1731 andacia
828 1689 986 1744 numquam
1001 1678 1069 1730 ante
1083 1673 1256 1730 descensum

108 1781 304 1853 cett-Quam
323 1797 495 1852 perversam
515 1782 763 1838 senatusconsulti
781 1781 877 1838 ultimi
891 1781 1121 1852 descriptionem
1145 1782 1256 1839 Caesar

106 1888 176 1945 etiam
184 1892 270 1964 magis
280 1891 406 1948 exacnit
417 1895 505 1962 atque
524 1891 554 1947 in
573 1891 654 1962 peius
674 1894 771 1960 vertit,
791 1907 855 1948 cum
874 1890 951 1962 apud
970 1890 1079 1947 milites
1099 1907 1167 1947 suos
1192 1907 1255 1947 rus.

106 1995 166 2052 ticos
186 1999 372 2056 contionatus
391 2004 435 2054 est
454 1999 527 2066 (1,1.
541 2003 633 2068 3-5).
651 1997 760 2056 Confer
779 1997 868 2055 etiam
882 1997 961 2054 illam
983 1997 1120 2055 Caesaris
1141 1997 1251 2054 oratio-

108 2117 169 2172 nem,
185 2122 236 2176 qua
255 2104 378 2164 Lentuli
398 2105 564 2176 Spintheris
583 2105 788 2162 excusationes
801 2104 994 2176 interpellans
1009 2104 1143 2161 tribunos
1162 2103 1257 2175 plebiS

111 2208 185 2264 nascio
200 2226 234 2266 an
254 2208 401 2268 nefarie
420 2210 559 2281 expulsos
574 2227 637 2268 esse
666 2211 774 2268 dixerit
792 2210 842 2278 (cf.
863 2216 924 2267 not.
949 2210 1150 2280 itit—Immo
1179 2209 1256 2266 enim

110 2301 163 2369 r'ero
178 2297 302 2374 dubitari
320 2333 381 2373 non
398 2321 507 2387 potest,
528 2319 597 2387 quin
615 2317 726 2374 tribuni
745 2316 840 2388 plebis
859 2317 939 2372 nulla
953 2316 982 2373 vi
997 2315 1113 2387 expulsi
1127 2314 1175 2384 (cf.
1192 2315 1254 2374 Clo.

108 2416 205 2479 allam.
224 2424 310 2488 XVI,
337 2428 378 2489 11,
399 2426 428 2493 2)
452 2422 519 2480 ideo
540 2428 653 2480 tantum
681 2438 717 2480 ex
745 2423 817 2480 urbe
841 2421 1008 2494 effugerint,
1030 2421 1107 2493 quod
1126 2426 1255 2479 senatus-

106 2528 213 2587 consulto
233 2493 339 2587 ultImo
359 2527 450 2598 facto,
470 2546 535 2586 cum
554 2529 613 2586 iam
632 2530 662 2586 in
690 2529 819 2587 hostium
841 2534 1011 2601 togatorum
1031 2545 1153 2586 numero
1173 2534 1256 2599 puta·

103 2636 193 2700 rentur,
212 2635 324 2694 diutius
343 2636 456 2693 Itomae
474 2641 536 2692 tute
560 2651 623 2693 essa
650 2635 844 2707 nequiverunt
864 2633 915 2709 (cf.
935 2635 1079 2707 imprimis
1100 2635 1161 2699 Cic.
1182 2636 1201 2692 l.
1221 2651 1252 2703 0;

101 2737 209 2813 Philipp.
228 2744 269 2812 II,
291 2746 408 2802 52--53.
420 2744 542 2814 —App
556 2744 596 2811 II,
608 2746 652 2801 33.
665 2743 767 2800 -Dio
786 2743 863 2811 XLI,
883 2746 909 2809 3,
930 2747 956 2800 2.
969 2743 1086 2802 -Cum
1106 2744 1141 2800 ils
1165 2742 1255 2815 scrip-

99 2845 197 2904 toribus
216 2855 328 2906 tantnm
350 2850 446 2920 prima
466 2849 564 2921 specie
594 2866 654 2906 non
681 2851 866 2906 consentiunt
890 2850 1067 2907 Plutarchus
1094 2849 1182 2920 (Caes
1201 2854 1250 2918 313

52 2976 53 2999 1
99 2956 190 3011 auton.
209 2962 249 3029 b),
271 2958 349 3016 Livii
368 2958 548 3029 epitomator
566 2958 660 3029 (Epit.
683 2961 757 3028 109),
778 2958 901 3015 Orosius
922 2959 984 3029 (VI,
1008 2964 1049 3028 lo,
1071 2962 1109 3025 2).

52 3062 54 3121 5
128 3064 158 3131 ³⁰)
173 3063 307 3122 Itinerar.
329 3065 439 3124 Anton.
460 3082 488 3135 p.
513 3065 717 3123 124-126ed.
737 3065 910 3138 Wesseling.

128 3170 158 3237 ³¹)
172 3171 214 3228 Ne
232 3172 319 3243 plura
337 3171 445 3241 dicam,
467 3188 541 3243 quae
560 3172 627 3228 illos
642 3173 771 3229 calculos
784 3172 840 3229 tibi
855 3172 992 3243 probent,
1009 3171 1144 3230 conferas
1163 3171 1252 3228 velim

52 3252 54 3263 ¹
101 3274 317 3347 imprimisCaes.
338 3281 363 3345 I,
383 3283 408 3343 3,
427 3283 454 3350 6,
476 3296 533 3351 quo
554 3282 622 3337 1000
642 3281 679 3338 L.
694 3280 764 3338 Piso
779 3296 886 3337 censor
901 3286 930 3338 at
945 3282 978 3338 Ii.
993 3281 1117 3339 Roscius
1132 3284 1254 3352 praetor

104 3377 217 3442 Caesaris
237 3387 272 3443 de
292 3387 379 3443 rebus
398 3387 428 3443 In
448 3386 522 3443 urbe
543 3385 658 3443 duobus
681 3386 784 3457 primis
804 3385 907 3444 diebus
930 3386 1060 3444 Ianuarii
1082 3387 1257 3444 010001000-

106 3484 257 3549 tisdocendi
275 3509 365 3551 causa
383 3510 414 3550 se
433 3494 604 3551 Ravennam
623 3492 811 3565 profecturos
831 3510 895 3551 esse
915 3493 1040 3565 polliciti
1060 3510 1112 3551 sex
1135 3494 1198 3550 dies
1217 3493 1253 3551 ad

108 3585 159 3648 itum
174 3597 356 3669 reditumque
376 3597 587 3654 conficiendum
612 3597 699 3668 spatii
724 3597 885 3668 postulasse
907 3598 1052 3655 dicuntur.
1078 3600 1152 3657 Eam
1180 3599 1242 3656 cele

108 3692 200 3757 naum
219 3718 360 3760 summam
379 3702 469 3760 fuIsse
489 3703 652 3775 intelleges,
674 3704 699 3760 si
717 3703 884 3760 memineris
909 3704 1067 3762 Caesarem
1095 3722 1154 3762 non
1172 3706 1254 3776 prius

106 3813 171 3868 (Illam
187 3814 253 3865 ante
273 3809 351 3865 diem
371 3810 412 3866 IX
432 3809 583 3866 Kalendas
602 3810 691 3868 Febr.
714 3809 749 3866 de
766 3811 1014 3882 Pompeianorum
1034 3813 1071 3869 ab
1099 3813 1172 3869 urbe
1199 3812 1255 3869 (110-

103 3921 170 3968 cassu
187 3931 214 3971 a.
234 3916 261 3971 d.
280 3916 352 3973 XIV
371 3926 400 3973 et
419 3917 494 3975 XIII
514 3916 637 3975 Kalend.
656 3916 1192 3978 101100011οο1000111010010010111
1212 3937 1255 3978 es-

101 4028 127 4070 81
143 4020 202 4085 (tir.
219 4022 279 4080 Cic.
302 4023 347 4079 ad.
369 4024 431 4081 Atl.
452 4025 519 4094 VII,
541 4029 584 4096 li,
604 4028 642 4095 3).
659 4024 765 4084 Cetera
778 4024 879 4083 confer
903 4027 1037 4099 exempla
1056 4026 1134 4098 apud
1152 4028 1254 4086 Fried-
