3196 4634
264 478 304 580 5)
357 484 508 553 Senatus
535 483 775 553 consultorum
803 483 961 565 illorum,
1001 504 1091 573 quae
1122 490 1201 572 post
1229 483 1376 555 Libonis

310 594 316 601 ’
357 621 501 671 causam
528 621 619 672 anno
646 622 680 689 p.
701 602 783 672 Chr.
812 623 845 672 n.
879 605 921 672 16
950 604 992 672 de
1019 603 1279 674 mathematicis
1304 623 1376 672 ma·

355 720 481 810 gisque
511 718 609 790 facta
642 741 718 790 esse
752 721 900 791 Tacitus
937 722 1044 811 (Anu.
1074 723 1122 806 Π,
1149 723 1210 812 32)
1237 727 1274 792 et
1292 723 1376 803 Oas-

343 840 432 910 sius
459 840 529 909 Dio
558 836 724 923 (XLVII,
756 842 816 923 15)
844 842 1000 924 tradunt,
1028 842 1179 912 alterum
1197 862 1288 913 anno
1321 844 1376 924 16,

359 960 508 1029 alterum
528 978 621 1029 anno
640 960 682 1049 17
704 959 962 1048 adsignandum
980 980 1057 1031 esee
1083 966 1201 1032 statuo
1234 966 1378 1032 auctore
1412 970 1416 978 '
1519 967 1523 975 '

359 1078 512 1167 Ulpiano
533 1077 609 1166 (lib.
637 1078 707 1148 VII
734 1079 776 1148 de
802 1079 918 1149 officio
937 1081 1168 1181 proconsulis
1189 1083 1253 1151 sub
1275 1081 1378 1150 titulo

268 1294 270 1299 Ι
360 1199 402 1268 rie
426 1197 695 1267 mathematicis*
712 1203 748 1267 et
773 1199 1087 1287 vaticinatoribus3
1127 1199 1172 1269 cf.
1198 1200 1379 1282 Huschke,

361 1310 508 1405 Iurispr.
538 1315 694 1385 anteiust
719 1338 752 1404 p.
784 1316 874 1408 674)

271 1460 309 1544 6)
363 1454 471 1525 Falso
511 1452 681 1523 Nissenus
721 1453 772 1532 tin
813 1453 947 1543 Sybelii
989 1455 1145 1538 „Histor
1182 1455 1379 1545 Zeitsch1·.“

365 1577 459 1657 root
489 1572 662 1661 11141.
694 1570 732 1667 1)
766 1574 902 1645 iudicat
932 1583 1013 1664 post
1046 1576 1210 1649 Caesaris
1241 1576 1380 1646 litteras

362 1714 425 1782 per
465 1693 652 1763 Curionem
688 1694 836 1764 Romam
875 1695 1031 1781 perlatas
1073 1696 1204 1785 alteras
1252 1715 1381 1784 easque

363 1811 514 1882 leniores
547 1813 592 1882 ab
626 1812 687 1881 illo
721 1813 847 1881 missas
881 1818 987 1901 atque
1021 1794 1043 1885 1
1078 1819 1204 1885 senatu
1243 1813 1385 1883 circiter

362 1931 484 2003 Nonas
510 1930 697 2001 Ianuarias
724 1936 907 2019 acceptas
916 1951 1002 2001 esse.

272 2066 313 2164 1)
365 2068 525 2156 Thucyd.
555 2068 582 2149 I,
613 2068 671 2149 23,
701 2071 738 2145 1;
767 2061 976 2162 Τῶνδὲπρ
933 2070 1089 2163 πρότερον
1108 2067 1212 2163 ἔρχων
1239 2069 1351 2161 μέγιστ
1340 2092 1386 2138 ον

367 2182 586 2330 ἐπράχθητὸ
615 2174 771 2279 Μηδικῶν
728 2186 841 2254 ὁκαὶ
864 2189 958 2256 τοῦτο
977 2188 1068 2279 ὅμως
1088 2185 1157 2255 δυ
1108 2211 1172 2255 νειν
1191 2188 1388 2281 ναυμαχίαιν

367 2305 419 2375 καὶ
458 2303 676 2396 πεζομαχίαιν
715 2310 849 2398 ταχεῖαν
889 2305 947 2400 τὴν
987 2308 1084 2402 κρίσιν
1125 2304 1233 2401 ἔσχεν.
1300 2307 1387 2375 Post

367 2422 582 2517 πεζομαχίαιν
610 2424 805 2493 addendum
833 2445 909 2494 esse
935 2431 1034 2514 puto:
1061 2423 1155 2495 ἴσαιν.

275 2557 314 2658 8)
367 2560 527 2647 Thucyd.
548 2560 596 2642 ΙΙ,
616 2561 675 2641 43,
697 2562 734 2630 2:
763 2558 970 2655 ἀλχεινοτὲρα
988 2560 1050 2655 γὰρ
1068 2559 1162 2656 ἀνδρί
1178 2584 1216 2653 χε
1234 2561 1388 2655 φρόνημα
1463 2634 1467 2643 ,

370 2679 473 2774 ἔχοντι
490 2680 513 2774 ἡ
534 2676 567 2747 ἐν
584 2683 633 2773 τῷ
653 2677 736 2769 μετὰ
754 2683 810 2747 τοῦ
825 2676 1063 2777 μαλακισθῆναι
1080 2678 1255 2773 κάκωσιςῆ
1275 2678 1389 2771 ὁμετά

369 2801 486 2894 ῥώμης
508 2797 559 2866 καὶ
583 2804 691 2893 καινῆς
709 2778 847 2873 Ιἐλπίδος
879 2797 947 2890 ἅμα
974 2801 1160 2893 γιγνόμενος
1191 2795 1390 2894 coarctato

373 2917 518 2994 9ατ.ναο
571 2918 738 2989 Fortasse
765 2919 951 3007 legendum
984 2925 1051 2990 est:
1023 2921 1106 3015 to
1135 2918 1390 3010 ζν·1ςμ..μ

372 3039 430 3107 κατ
433 3062 521 3113 ωσις.

279 3180 313 3267 9)
366 3173 694 3265 Thucyd.111,1t,
726 3177 763 3245 1:
805 3172 881 3243 ὅτε
908 3178 973 3250 τοῖς
993 3172 1104 3251 ἄλλοις
1123 3110 1262 3267 μαλιστα
1281 3171 1391 3243 εὔνοια

371 3297 475 3365 πίστιν
503 3290 641 3391 βεβαιοῖ,
674 3294 750 3388 ἡμῖν
777 3296 870 3365 τοῦτο
903 3294 963 3362 ὁ
955 3290 1058 3390 φόβος
1090 3286 1207 3389 ἐχυρὸν
1232 3315 1391 3388 παρειχεν

263 3407 269 3415 “
373 3442 401 3485 ιι.
427 3440 455 3486 τ.
482 3413 511 3482 λ.
564 3413 691 3484 Omnia
717 3418 812 3482 recte
840 3434 876 3482 se
903 3412 1034 3483 habere
1061 3412 1236 3482 existimo.

259 3556 319 3645 10)
372 3552 532 3641 Thucyd.
552 3550 614 3634 IV,
637 3549 719 3631 126,
742 3550 762 3618 2
783 3549 968 3632 (Brasidas
996 3550 1040 3619 ad
1059 3549 1392 3633 Lacedaemonios):

375 3671 408 3742 οἵ
431 3694 469 3765 χε
496 3668 582 3764 μηδὲ
610 3667 674 3738 ἀπὸ
702 3666 872 3737 πολιτειῶν
898 3668 1052 3738 τοιούτων
1084 3666 1192 3762 ἥκετε,
1223 3666 1257 3737 ἐν
1284 3667 1336 3744 αίς
1355 3666 1393 3738 οὐ

374 3787 487 3859 πολλοὶ
501 3787 619 3882 ὀλίγων
635 3786 798 3884 ἄρχουσιν,
818 3784 903 3855 ἀλλὰ
918 3785 1076 3856 πλειόνων
1091 3785 1214 3879 μᾶλλον
1232 3784 1395 3863 ἐλάσσους
1531 3821 1541 3829 ·
1595 3848 1596 3869 ,

375 3934 402 3981 κ.
411 3933 437 3978 τ.
452 3908 479 3978 λ.
520 3910 594 3979 Aut
614 3908 797 3978 delendum
818 3927 941 3976 censeo
957 3902 993 3975 οὐ
1008 3913 1071 3976 aut
1085 3906 1289 3977 mutandum
1303 3906 1340 3977 iu
1359 3902 1395 3977 οἱ
