3196 4634
268 1430 361 1532 Oum
383 1469 545 1533 memoria
560 1472 785 1531 extremorum
804 1472 854 1532 rei
869 1471 1023 1552 publicae
1042 1472 1219 1536 Romanae
1238 1492 1393 1536 corruen-

225 1573 265 1647 tis
291 1588 476 1663 temporum
505 1596 543 1640 ac
566 1576 649 1639 belli
677 1576 789 1638 civilis
816 1577 904 1640 inter
933 1574 1115 1642 Caesarem
1139 1584 1172 1643 et
1198 1581 1394 1662 Pompeium

223 1692 334 1755 orbem
360 1692 526 1750 terrarum
551 1684 743 1746 affectantes
765 1685 874 1746 exorti
897 1705 917 1747 a
937 1685 1091 1766 plurimis
1117 1686 1395 1768 diversarumque

219 1799 370 1881 partium
396 1793 614 1875 scriptoribus
644 1792 811 1854 veteribus
836 1791 879 1854 ad
903 1794 1134 1874 posteritatem
1157 1794 1293 1876 prodita
1321 1814 1392 1856 ma-

219 1922 385 1988 gnamque
405 1905 535 1983 partem
550 1901 644 1960 tanta
662 1898 899 1979 perspicuitate
919 1901 1074 1982 exposita
1093 1902 1148 1983 sit,
1170 1906 1206 1964 ut
1228 1920 1294 1964 non
1318 1921 1393 1963 nar-

219 2014 305 2095 rari,
331 2011 532 2092 quaegesta
552 2012 641 2086 sunt,
664 2004 722 2069 sed
745 2008 909 2088 renigeri
932 2027 1067 2090 prorsus
1088 2008 1219 2092 videas,
1241 2010 1316 2072 fieri
1330 2027 1396 2071 non

220 2118 341 2200 potuit,
369 2116 450 2197 quin
476 2133 516 2177 ea
542 2117 620 2194 post
648 2118 783 2175 renatas
813 2113 946 2177 litteras
974 2115 1095 2176 iterum
1122 2134 1161 2177 ac
1192 2116 1326 2197 saepius
1352 2114 1395 2178 ad

225 2243 260 2287 se
285 2224 436 2287 alliceret
460 2220 669 2301 antiquitatis
694 2220 949 2301 investigatores
972 2227 1202 2305 moveretque,
1224 2227 1260 2284 ut
1284 2223 1394 2304 singu-

225 2332 274 2395 las
299 2331 496 2394 traditiones
520 2327 700 2409 diligenter
718 2327 974 2411 perpenderent,
1001 2334 1228 2413 secernerent,
1249 2330 1393 2411 comple-

226 2441 299 2501 rent
320 2437 537 2516 omnibusque
556 2435 591 2495 in
613 2433 762 2497 ordinem
785 2434 930 2497 redactis
953 2435 1086 2498 illorum
1105 2440 1293 2518 temporum
1312 2437 1394 2499 ima-

221 2544 336 2624 ginem
359 2562 458 2623 quam
482 2542 659 2604 verissime
684 2559 722 2602 ac
742 2542 984 2622 perfectissime
1004 2560 1197 2623 expressam
1220 2544 1395 2607 restituere

227 2654 433 2713 conarentur.
464 2646 528 2710 Sed
556 2666 669 2725 omnes
699 2648 780 2729 fere,
806 2648 863 2727 qui
891 2648 926 2709 in
951 2666 991 2711 ea
1019 2647 1131 2711 studia
1158 2650 1392 2732 incubuerunt,

222 2757 422 2836 nescioquo
450 2754 548 2818 modo
576 2755 812 2818 intentioribus
845 2756 966 2817 animis
995 2757 1123 2819 versati
1153 2761 1228 2819 sunt
1257 2758 1293 2818 in
1321 2777 1394 2839 per·

222 2862 413 2926 scrutandis
437 2860 686 2942 tractandisque
705 2863 817 2943 rebus,
844 2879 927 2940 quae
951 2862 1077 2926 bellum
1096 2864 1198 2926 civile
1221 2861 1392 2928 Caesaria-

221 2992 302 3034 num
327 2975 385 3033 aut
403 2973 660 3051 praecesserunt
684 2976 742 3030 aut
759 2973 892 3031 secutae
916 2973 1004 3051 sunt,
1025 2987 1127 3050 quam
1145 2971 1181 3032 in
1201 2970 1394 3052 exponendo

222 3081 296 3162 ipso
319 3078 419 3142 bello.
447 3075 541 3160 Quae
564 3096 616 3140 res
641 3096 716 3139 cum
740 3077 904 3158 explicari
927 3096 994 3139 non
1012 3079 1118 3158 possit
1142 3078 1208 3139 nisi
1232 3096 1282 3159 eo,
1308 3076 1394 3156 quod

220 3185 366 3267 cognitio
391 3188 424 3247 et
443 3185 663 3248 consiliorum
689 3187 721 3247 et
742 3188 879 3246 eventus
898 3182 990 3245 illius
1014 3185 1206 3246 certaminis
1226 3183 1395 3264 plerisque

223 3293 363 3356 maioris
384 3311 456 3354 esse
475 3291 652 3355 videbatur
667 3291 837 3373 momenti,
860 3309 961 3370 quam
976 3291 1122 3372 cognitio
1136 3291 1243 3372 ipsius
1258 3291 1394 3354 belli—

222 3405 334 3463 tamen
357 3399 422 3461 hac
447 3417 575 3480 quoque
600 3398 782 3461 maximam
805 3397 926 3491 iudico
941 3397 1119 3460 utilitatem
1143 3397 1257 3460 afferri
1279 3416 1392 3481 posse,

43 3580 48 3590 δ
136 3533 138 3538 ·
224 3508 253 3569 si
276 3507 334 3588 qui
358 3506 423 3569 sibi
446 3510 649 3588 proponant,
670 3510 707 3567 ut
730 3502 886 3569 Caesaris
904 3504 1116 3586 potissimum
1139 3506 1393 3569 commentarios

228 3613 415 3676 examinent
438 3616 471 3676 et
495 3611 748 3694 diligentissime
771 3631 846 3674 cum
870 3611 989 3675 cete'iis
1016 3610 1235 3692 scriptoribus
1261 3631 1392 3693 compa·

227 3729 310 3781 rent.
335 3720 424 3784 Nam
448 3721 627 3802 praecipue
647 3739 688 3783 ea
710 3720 768 3782 via
792 3738 830 3782 ac
850 3720 980 3782 ratione
999 3737 1064 3781 non
1078 3714 1183 3782 ‘modo
1202 3719 1301 3782 facile
1319 3739 1392 3802 per-

227 3825 333 3887 veniri
354 3845 451 3908 posse
476 3826 519 3889 ad
544 3825 817 3907 intellegendum,
849 3826 966 3905 quibus
994 3824 1143 3895 consiliis
1171 3844 1301 3907 quaque
1330 3826 1394 3890 fide

224 3936 259 3993 et
273 3933 473 3995 auctoritate
489 3929 617 3996 Caesar
632 3933 737 3995 libros
753 3952 828 3996 suos
844 3932 1030 4015 scripserit,
1050 3951 1169 3995 verum
1185 3932 1286 3994 etiam
1300 3932 1392 4013 ipsas

220 4058 277 4102 res
302 4039 344 4102 ad
367 4040 492 4102 bellum
515 4040 717 4122 pertinentes
741 4039 906 4102 illustrari
929 4039 1003 4122 quis
1028 4043 1090 4121 est,
1115 4040 1172 4122 qui
1197 4037 1339 4103 dubitet?

1272 4166 1285 4214 l
