3196 4634
653 273 827 341 ,75-

148 417 239 505 gatis
257 416 410 479 molitum
439 416 593 479 veritatis
616 435 736 497 parum
767 416 950 487 studiosum
975 435 1060 498 esse,
1083 436 1157 479 oum
1187 416 1320 479 eonsilii

134 525 202 586 'sui
225 543 293 587 non
316 523 456 605 perfecti
480 523 614 604 eulpam
637 525 672 585 in
696 523 869 587 Metellum
895 525 1046 586 conferre
1072 527 1171 602 atque
1196 541 1252 584 eas
1267 540 1323 584 res

149 628 284 691 silentio
317 629 597 711 praetermittens,
629 649 714 712 qnae
746 649 810 693 non
838 629 902 712 illi,
932 629 991 692 sed
1015 630 1078 693 sibi
1105 629 1170 710 ipsi
1191 624 1322 691 summo

148 735 236 796 verti
266 735 436 815 potuerint
459 736 555 818 vitio,
586 736 621 796 in
649 755 725 798 eum
755 742 923 817 tamquam
953 736 988 796 in
1016 737 1182 799 hominem
1208 735 1321 797 turbu·

148 841 276 904 lentum
305 846 403 924 atque
431 841 556 903 nivium
585 842 786 906 concordiae
814 843 940 922 otiique
973 841 1145 903 inimicum
1174 840 1321 903 omnium

147 947 259 1010 odium
283 949 451 1012 eonoitare
475 955 623 1011 conetur.
651 950 698 1011 m
721 953 840 1012 eontra
863 950 966 1012 aeteri
989 951 1059 1011 fere
1081 967 1193 1011 omnes
1217 948 1320 1029 serip-

148 1061 236 1117 iores
260 1053 433 1118 Metellum
448 1074 585 1136 prorsus
606 1055 710 1117 alium
724 1054 918 1119 describunt
933 1075 1075 1137 eumque
1091 1074 1194 1117 unum
1217 1054 1322 1119 fnisse

147 1161 296 1244 tradunt,
323 1163 378 1243 qui
402 1162 452 1224 rei
475 1163 629 1243 publicae
657 1163 834 1226 consulens
862 1160 1002 1226 Caesari
1027 1163 1197 1229 aerarium
1227 1161 1319 1241 expi·

146 1270 257 1331 laturo
281 1268 445 1332 obsistere
465 1268 615 1332 auderet.
640 1266 785 1334 Ἀντεῖπε
804 1265 866 1352 μέν
889 1262 961 1348 οὖν,
978 1270 1085 1351 inquit
1104 1267 1239 1333 Cassius
1255 1269 1322 1333 Dio

90 1442 93 1447 ⁴
144 1375 251 1459 (LXI,
268 1376 323 1457 17,
341 1377 390 1458 2),
407 1371 490 1458 πρὸς
504 1372 565 1459 τὴν
578 1372 653 1458 περὶ
666 1381 736 1442 τῶν
749 1372 927 1459 χρημάτων
941 1372 1096 1460 ἐσήχησιν
1109 1369 1249 1447 Λεύκιός
1267 1395 1318 1446 τις

145 1477 317 1554 Μέτελλος
334 1478 513 1566 δήμαρχος,
529 1478 585 1546 καί
601 1478 716 1567 ἐπειδὴ
730 1477 836 1566 μηδὲν
851 1477 1002 1564 ἐπέρανε,
1018 1477 1102 1565 πρός
1115 1503 1151 1544 τε
1164 1474 1242 1553 τοὺς
1256 1485 1317 1563 θη·
1337 1514 1339 1519 ·

146 1582 289 1671 σαυροὺς
302 1583 386 1672 ἢλδε
400 1585 456 1652 καὶ
470 1583 528 1661 τάς
542 1584 648 1673 θύρας
657 1588 769 1654 αὐτῶν
783 1589 820 1654 ἐν
833 1586 968 1673 τηρήσει
978 1585 1168 1671 ἐποιήσατο·
1183 1583 1322 1670 σμικρὸν

145 1691 185 1759 δέ
200 1691 243 1779 δὴ
266 1691 323 1758 καὶ
345 1702 404 1779 τῆς
417 1699 566 1780 φυλακῆς
580 1692 695 1775 αὐτοῦ,
715 1692 826 1778 ὥσπερ
845 1717 911 1760 που
924 1691 1052 1780 καὶτῆς
1074 1689 1270 1778 παρρησιάς,
1288 1691 1322 1755 οἱ

146 1806 347 1886 στρατιῶται
365 1797 600 1885 φροντίσαντες
618 1798 680 1886 τήν
697 1824 733 1865 τε
751 1798 962 1884 βαλανάγραν
979 1798 1157 1884 διέκοψαν,
1177 1797 1239 1885 τὴν
1257 1795 1320 1882 γάρ

145 1914 238 1975 κλεῖν
261 1907 295 1972 οἱ
307 1907 427 1974 ὕπατοι
441 1906 545 1992 εἶχον,
563 1907 674 1993 ὥσπερ
690 1907 750 1974 οὐκ
765 1905 842 1990 ἐξόν
855 1924 921 1973 τισι
934 1905 1106 1974 πελέκεσιν
1127 1906 1200 1975 άνέ
1218 1904 1321 1991 αὐτῆς

143 2014 346 2102 χρήσασθαι,
372 2014 427 2081 καὶ
450 2014 558 2087 πάντα
580 2013 621 2081 τὰ
644 2015 794 2102 χρήματα
813 2014 1029 2101 ἐξεφόρησαν.
1056 2018 1217 2081 Similiter
1241 2017 1319 2078 Plu-

146 2128 285 2190 tarchus
310 2123 422 2208 (Caes.
458 2126 532 2205 35).·
564 2130 628 2190 Τοῦ
660 2121 700 2190 δὲ·
727 2122 897 2210 δημάρχου
928 2120 1101 2189 Μετέλλου
1131 2119 1323 2195 κωλύοντος

145 2228 248 2297 αὐτὸν
272 2233 321 2314 (id
346 2240 397 2295 es'i
416 2230 610 2313 Caesarem)
631 2233 669 2297 ἐκ
688 2238 757 2299 τῶν
775 2229 955 2298 άποδέτων
973 2228 1122 2316 χρήματα
1140 2225 1320 2313 λαμβάνειν

143 2335 203 2403 καί
225 2336 346 2422 νόμους
368 2335 459 2413 τινὰς
481 2336 722 2424 προφέροντος,
748 2338 809 2405 οὐκ
833 2339 896 2424 ἐφη
920 2335 980 2405 τὸν
1003 2335 1104 2414 αὐτὸν
1128 2335 1241 2402 ὅπλων
1263 2331 1320 2400 καὶ

142 2443 258 2529 νόμων
280 2442 398 2529 καιρὸν
420 2442 516 2512 εἶναι·
541 2442 614 2534 ,Σὺ
633 2442 671 2509 δέ
690 2446 723 2510 εἰ
737 2456 809 2519 τοῖς
825 2432 1062 2529 πραττομένοις
1080 2439 1317 2523 δυσκολαίνεις,

143 2559 204 2619 νῦν
218 2549 279 2635 μέν
299 2548 455 2618 ἐκποδὼν
473 2550 584 2617 άπιθι·
601 2549 785 2638 παρρησίας
804 2548 865 2636 γὰρ
886 2551 926 2618 οὐ
940 2555 1047 2618 δεῖται
1059 2548 1213 2633 πόλεμος·
1239 2547 1320 2615 ὅταν

143 2655 184 2724 δὲ
215 2656 415 2742 κατάθωμαι
442 2655 483 2723 τά
513 2658 598 2725 ὅπλα
626 2657 821 2743 συμβάσεων
853 2657 1054 2742 γενομένων,
1084 2654 1160 2725 τότε
1187 2653 1320 2742 παριὼν
1376 2659 1381 2667 ’

143 2763 427 2851 δημαγωγήσειςα.
455 2763 545 2853 ,Καὶ
564 2765 699 2847 ταῦτά,
718 2766 794 2851 ἔφη,
813 2762 919 2853 Ὦλέγω
933 2772 1003 2832 τῶν
1018 2765 1160 2850 ἐμαυτοῦ
1177 2760 1320 2828 δικαίων

142 2869 330 2955 ὑφιέμενος·
362 2870 439 2956 ἐμὸς
462 2868 523 2956 γὰρ
547 2870 654 2939 εἶκαὶ
679 2868 718 2940 σὺ
740 2869 797 2937 καί
824 2869 956 2952 πάντες,
982 2870 1080 2946 ὅσους
1103 2870 1223 2957 εἴληφα
1249 2875 1320 2934 τῶν

143 2976 228 3063 πρὸς
251 2975 308 3062 ἐμέ
323 2977 603 3047 στασιασάντωνέ.
629 2986 735 3046 Ταῦτα
758 2976 841 3063 πρὸς
854 2975 914 3044 τὸν
927 2975 1099 3046 Μέτελλον
1117 2976 1222 3044 εἰπὼν
1240 2973 1318 3054 ἐβά-
1396 3063 1398 3069 Α

144 3089 219 3166 διζε
245 3082 329 3170 πρὸς
356 3082 414 3160 τὰς
441 3082 547 3168 δέρας
574 3094 635 3152 τοῦ
661 3083 821 3169 ταμιείου.
850 3083 912 3171 Μὴ
940 3083 1152 3169 φαινομένων
1181 3081 1221 3150 δὲ
1248 3090 1319 3149 τῶν

142 3196 286 3260 κλειδῶν
307 3200 438 3277 χαλκεῖς
459 3191 753 3278 μεταπεμψάμενος
777 3191 951 3260 ἐκκόπτειν
975 3190 1134 3260 ἐκέλευεν·
1156 3188 1255 3266 αὖθις
1277 3189 1318 3256 δὲ

144 3297 356 3385 ἐνισταμένου
378 3296 439 3366 τοῦ
460 3299 632 3368 Μετέλλου
654 3298 715 3366 καί
727 3324 832 3368 τινων
850 3298 1089 3380 ἐπαινούντων,
1114 3297 1317 3382 διατεινάμε-

143 3429 201 3482 νος
224 3405 399 3494 ἠπείλησεν
421 3406 617 3476 άποκτενεῖν
640 3407 753 3490 αὐτὸν,
779 3410 813 3474 εἰ
831 3407 875 3495 μὴ
901 3405 1063 3475 παύσαιτο
1086 3412 1312 3491 παρενοχλῶν.

145 3511 236 3602 ,Καὶ
257 3514 390 3596 τοῦτοα,
417 3515 494 3600 ἐφη,
522 3513 724 3603 ,μειράκιον
750 3515 811 3582 οὐκ
829 3515 970 3598 άχνοεῖς,
996 3515 1048 3580 ὅτι
1070 3538 1127 3599 μοι
1149 3512 1317 3580 δυσκολώ-

143 3644 248 3704 τερον,
264 3617 305 3705 ἢν
328 3621 472 3707 ελπεῖνῆ
495 3623 651 3708 πρᾶξαδ.
682 3616 788 3698 Οὗτος
811 3621 829 3688 ὁ
852 3619 950 3704 λόχος
967 3620 1044 3687 τότε
1057 3620 1123 3689 «καί
1145 3619 1318 3688 Μέτελλον

143 3727 303 3796 α’πελδεῖν
327 3727 461 3814 ἐποίησε
484 3728 726 3798 καταδείσαντα
753 3727 809 3795 καὶ
832 3727 872 3794 τὰ
895 3728 976 3795 άλλα
998 3727 1123 3820 ῥᾳδίως
1151 3724 1317 3820 αὐτῷκαὶ

143 3833 271 3919 ταχέως
293 3834 529 3921 ὑπηρετεῖσθαι
556 3835 640 3923 πρὸς
662 3835 722 3905 τὸν
748 3835 957 3922 πόλεμονΉ).
980 3876 1024 3886 -
1044 3839 1137 3922 Quae
1160 3859 1214 3903 res
1240 3860 1315 3904 enm

179 4070 216 4136 i¹)
237 4066 346 4126 Confer
366 4066 453 4124 etiam
473 4066 550 4124 Plut.
574 4069 677 4139 Pomp.
699 4071 744 4126 62.
