3196 4634
546 194 554 218 ’
647 241 822 304 -ιε-

147 376 327 442 Caesarem
353 380 496 462 stetisse,
522 382 697 464 quominus
722 402 764 447 ex
788 385 871 448 urbe
895 386 1131 467 egrederentur
1143 388 1197 472 69),
1223 389 1316 453 dubie

146 505 202 547 nm
227 504 299 548 esse
323 504 389 551 non
413 490 534 568 potest,
565 489 644 571 quin
661 491 774 552 omnia
801 491 873 574 illa,
900 511 984 573 quae
1008 493 1044 555 in
1068 497 1316 558 commentariis

147 591 188 654 de
207 592 300 654 illius
321 593 471 656 consiliis
491 595 585 675 pacis
606 595 804 680 dictasunt,
825 600 931 661 verba
948 599 1016 662 sint
1036 603 1136 680 atque
1155 602 1314 683 ineptiae.

147 699 262 783 Neque
284 701 349 781 ipsi
374 698 529 765 Caesaris
555 704 711 784 aequales
741 704 839 768 fidem
869 707 901 768 ei
930 707 1119 770 habuerunt
1148 709 1316 793 suadenti,

145 813 182 868 ut
205 827 264 888 per
293 799 493 889 interpretes
522 830 596 872 eum
624 811 785 893 Pompeio
814 813 855 876 de
884 816 1120 896 compositione
1149 823 1315 899 ageretur.

145 913 235 976 Nam
259 933 334 976 cum
358 915 560 979 Plutarchus
584 915 698 997 (Caes.
725 919 783 998 35)
807 920 921 984 tradit:
947 917 1115 1004 derisorios
1137 920 1171 986 d'
1195 906 1316 1002 οὐδείς,

146 1019 212 1083 εἴτε
235 1019 439 1103 φοβούμενοι
468 1020 646 1108 Πομπήιον
674 1023 1016 1109 ἐγκαταλελειμμένον,
1048 1028 1115 1093 εἴτε
1141 1026 1190 1115 μὴ
1213 1027 1318 1114 νομί-

145 1128 282 1205 ζοντες
306 1124 407 1192 οὕτω
433 1125 610 1214 Καίσαρα
638 1139 814 1215 φρονεῖν,
844 1126 921 1198 ἀλλ’
950 1132 1163 1225 εὐπρεπείᾳ
1191 1132 1319 1220 λόγων

144 1239 331 1318 χρῆσθαι,
359 1243 427 1299 tum
463 1236 582 1302 Cicero
613 1259 679 1302 non
707 1240 804 1304 modo
830 1241 916 1325 quod
944 1244 1027 1327 ipse,
1058 1264 1176 1308 verum
1217 1246 1319 1308 etiam

113 1342 234 1425 ·quod
258 1343 416 1427 plerique
431 1345 472 1409 de
496 1344 642 1410 Caesare
666 1349 872 1432 sentiebant,
892 1351 1001 1435 eloqui
1022 1353 1107 1414 mihi
1128 1352 1261 1416 videtur
1284 1354 1318 1415 in

146 1452 289 1532 epistola
313 1451 356 1514 ad
380 1453 530 1515 Atticum
555 1475 586 1517 a.
608 1455 641 1518 d.
667 1456 716 1518 III
736 1457 848 1520 Nonas
872 1458 1008 1539 Apriles
1028 1458 1113 1522 data
1135 1462 1218 1523 haec
1242 1480 1317 1542 pro-

144 1560 264 1622 fessus:
283 1560 389 1644 ,mihi
408 1561 542 1624 omnino
561 1581 626 1625 non
646 1565 738 1627 venit
766 1564 801 1625 in
820 1569 977 1648 mentem,
999 1584 1084 1646 quae
1107 1567 1214 1648 possit
1234 1568 1320 1630 actio

145 1685 222 1729 esse
245 1664 287 1728 de
310 1685 406 1749 pace,
431 1687 507 1729 cum
530 1667 583 1729 illi
612 1668 660 1748 [id
682 1674 744 1732 est:
772 1666 926 1749 Caesari]
956 1672 1181 1734 certissimum
1206 1673 1261 1754 sit,
1291 1673 1319 1734 si

180 1895 216 1965 69)
244 1896 353 1953 Parum
380 1899 518 1952 accurate
545 1895 723 1954 Plutarchus
752 1896 851 1968 (Caes.
871 1894 936 1971 35):
957 1894 1056 1968 ,Ἐπεὶ
1076 1894 1106 1953 δὲ
1126 1895 1177 1953 καὶ
1195 1897 1247 1966 τὴν
1266 1894 1317 1953 πό-

144 2007 190 2058 λιν
209 1999 274 2073 εὗρε
292 2000 437 2078 [Καῖσαρ]
456 2007 565 2071 μᾶλλον
585 2001 601 2074 ’ὴ
621 2000 790 2074 προσεδόκα
809 2010 1004 2061 καθεστῶσαν
1028 2004 1080 2061 καὶ
1099 2013 1155 2062 τῶν
1175 2003 1233 2062 ἀπὸ
1251 2013 1319 2079 βου·

143 2117 196 2181 λῆς
223 2108 254 2166 ἐν
284 2109 356 2180 αὐτῇ
382 2107 516 2181 συχνούς,
537 2108 651 2176 τούτοις
668 2110 721 2181 μέν
741 2110 852 2183 ἐπιεικῆ
872 2111 922 2168 καὶ
942 2110 1082 2183 δημοτικὰ
1102 2112 1247 2185 διελέχθη,
1267 2134 1319 2170 πα-

94 2244 98 2255 s
143 2223 281 2292 ραπαλῶν
302 2217 407 2283 αὐτοὺς
426 2217 568 2289 καὶπρὸς
587 2220 739 2290 Πομπήιον
760 2216 948 2277 ἀποστέλλειν
966 2217 1074 2314 ἀνδρας
1093 2219 1142 2277 ἐπὶ
1157 2219 1320 2294 συμβάσεσι

144 2322 336 2398 πρεπούσαις·
348 2325 528 2395 ὑπήκουσε
544 2321 704 2397 δὀὐδείς,
721 2324 777 2383 εἴτε
792 2324 971 2399 φοβούμενοι
991 2329 1144 2398 Πομπήιον
1164 2327 1319 2400 ἐγκαταλε-

143 2429 308 2502 λειμμένον,
337 2430 394 2489 εἴτε
418 2431 456 2501 μὴ
485 2430 653 2503 νομῖζοντες
681 2431 925 2506 chrudimenses
945 2443 1072 2505 porreto,
1093 2434 1146 2491 ἀλλ
1155 2432 1319 2515 ἐὐπρεπείᾳ

143 2536 242 2611 λόγον
270 2546 433 2612 χρῆσθαι“.
463 2541 544 2601 Idem
564 2559 630 2614 cap.
650 2546 696 2600 37:
714 2539 940 2599 Ἐπανελδέντα
960 2541 1001 2612 δὲ,
1022 2545 1126 2615 inquit,
1148 2542 1187 2609 εἰς
1202 2540 1319 2613 Ῥώμην

143 2647 283 2719 Καίσαρα
301 2644 418 2704 Πείσων
436 2647 489 2718 μέν
509 2647 525 2704 ὁ
544 2646 686 2722 πενθερὸς
704 2647 861 2721 παρεκάλει
875 2649 948 2720 πρὸς
961 2651 1115 2721 Πομπήιον
1131 2648 1319 2707 ἀποστέλλειν

143 2753 254 2827 ἀνδρας
282 2754 355 2827 ὑπὲρ
375 2753 543 2824 διαλύσεως,
569 2753 738 2830 Ἰσαυρικὸς
763 2756 794 2814 δέ
817 2755 946 2828 Καίσαρι
966 2755 1156 2830 χαριζόμενος
1175 2756 1318 2815 ἀντεῖπεν.

145 2865 227 2937 Quae
246 2864 400 2922 Plutarchi
418 2865 509 2922 verba
529 2865 554 2922 si
573 2882 638 2922 eum
658 2841 762 2924 Dionis
782 2866 954 2923 narratione
969 2882 1185 2938 comparemus,
1201 2867 1320 2924 minime

144 2971 184 3029 ab
204 2986 239 3031 ea
257 2970 427 3043 discrepare
445 2971 587 3040 videmus,
608 2972 665 3029 nisi
685 2971 762 3042 quod
781 2970 832 3028 ille
851 2971 965 3041 legatos
985 2973 1096 3030 eleetos
1114 2989 1180 3029 esse
1194 2989 1321 3030 comme-

145 3093 265 3135 morare
293 3077 400 3136 oblitus
419 3078 622 3150 neglegentius
640 3078 721 3135 dicat
741 3076 906 3148 ,ὑπήκουσε
936 3073 1080 3143 δ)οὒδεὶς“
1105 3078 1320 3151 significaturus

146 3200 198 3244 eos
218 3201 254 3242 ex
274 3186 347 3243 urbe
366 3202 425 3243 non
444 3201 508 3243 esse
531 3185 691 3257 profectos.
704 3190 786 3243 -Δ,
806 3186 833 3242 d.
853 3185 911 3243 VII
929 3187 999 3244 Idus
1018 3185 1136 3257 Apriles
1155 3186 1262 3246 Cicero
1282 3186 1321 3243 ad

145 3293 276 3350 Atticum
295 3293 345 3362 (Χ,
366 3295 396 3363 3)
415 3292 534 3364 scripsit
551 3308 583 3349 se
602 3308 638 3349 ex
657 3308 693 3349 εο
712 3292 788 3350 scire
807 3308 926 3363 cupere,
948 3292 1052 3363 ,ecqui
1070 3297 1169 3348 essent
1183 3291 1220 3350 ad
1235 3294 1322 3351 Pom-

134 3389 245 3474 peium
272 3406 302 3458 et
329 3400 367 3458 ad
392 3402 526 3458 consules
549 3418 586 3459 ex
604 3405 721 3458 senatus
740 3401 875 3458 consulto
896 3401 933 3458 de
951 3416 1024 3473 pace
1043 3399 1159 3471 legati“.
1172 3402 1320 3475 —Itaque

146 3524 212 3565 eum
231 3507 360 3566 dubitari
378 3524 437 3566 non
455 3508 560 3579 possit,
580 3508 650 3580 quin
669 3524 702 3564 re
721 3524 791 3565 vera
810 3507 893 3564 multi
913 3506 1036 3578 Pompei
1062 3507 1170 3564 timore
1198 3506 1320 3579 aliisque

146 3618 182 3673 de
210 3615 305 3672 causis
333 3615 472 3673 mandata
492 3616 529 3673 ad
548 3632 613 3673 eum
632 3615 765 3687 perferre
784 3615 948 3672 recusarint
967 3630 1061 3685 neque
1079 3619 1178 3671 tamen
1199 3615 1321 3673 Caesari

147 3724 303 3792 defuerint,
333 3741 406 3797 quos
433 3725 575 3793 mitteret,
603 3724 788 3797 perspicuum
817 3728 862 3780 est
889 3724 919 3779 in
943 3722 1164 3780 commentariis
1183 3729 1319 3780 nontam

146 3832 220 3891 laisa
244 3849 307 3890 esse
334 3832 386 3889 illa
412 3834 513 3891 verba:
544 3833 745 3903 „maximeque
773 3829 889 3887 timoris
918 3846 1005 3887 causa
1022 3846 1078 3902 pro
1097 3846 1130 3887 se
1149 3830 1272 3901 quisque
1291 3830 1321 3887 id

148 3957 253 3999 munus
280 3939 436 4012 legationis
463 3939 648 4004 recusabat“,
680 3955 767 4010 quam
785 3938 869 3995 haec:
892 3938 957 4009 ,qui
978 3937 1177 4007 mitterentur,
1196 3952 1256 3994 non
1274 3953 1320 3994 re·

147 4049 366 4125 pe1·iebantur“.
