3196 4634
853 239 1027 301 ..52-

352 389 400 447 tes
430 381 708 465 quattuordecim,
740 383 834 443 Hirri
864 383 1022 463 quinque,
1057 382 1267 461 (coniunctas
1297 381 1500 462 undeviginti]
1535 390 1548 406 “

350 492 450 553 fuisse
473 490 567 572 dicit,
594 495 734 573 apparet
758 490 866 571 illum,
891 490 1085 570 priusquam
1111 508 1145 551 se
1170 509 1245 551 cum
1268 489 1369 551 Hirro
1388 491 1502 551 coniun-

351 603 445 678 geret
468 603 500 659 et
525 593 707 660 Corfinium
728 595 950 678 contenderet,
973 615 1013 658 ex
1032 595 1215 659 delectibus
1240 598 1308 657 suis
1329 616 1386 658 sex
1404 598 1503 658 cohor-

352 709 399 767 tes
423 706 457 765 in
482 705 626 785 aliquem
647 703 751 766 alium
776 703 883 765 locum
903 703 1097 765 coniecisse.
1126 701 1231 783 Quem
1251 698 1373 767 Albam
1397 703 1504 765 Fucen-

351 813 432 874 tiam
457 813 557 874 fuisse
583 812 682 874 facile
707 810 881 892 concedes,
905 811 933 872 si
959 829 1060 872 exeo
1085 810 1205 891 oppido
1229 816 1346 891 postea
1369 812 1406 873 L.
1427 812 1506 872 llan-

351 919 433 981 lium
448 939 521 981 oum
537 938 596 982 sex
611 920 799 982 cohortibus
814 918 1002 999 profugisse
1017 919 1209 981 memineris
1222 917 1335 997 (Caes,
1354 920 1381 1000 Ι,
1398 920 1450 998 24,
1464 920 1505 995 3).

352 1026 510 1090 Deductis
530 1027 797 1108 igiturquinque
816 1025 1007 1092 cohortibus
1025 1025 1119 1087 Hirri
1137 1024 1180 1088 'de
1201 1026 1279 1087 totis
1300 1028 1405 1107 copiis
1423 1027 1510 1105 (Xlll

351 1134 569 1216 cohortibus),
578 1152 662 1213 quae
677 1122 828 1197 Vibullio
840 1131 921 1194 duce
931 1129 1116 1195 Corfinium
1127 1137 1363 1215 pervenerunt,
1371 1134 1510 1213 reliquae

352 1243 429 1301 sunt
452 1243 526 1301 octo
551 1240 716 1321 cohortes,
746 1239 863 1319 quibus
893 1239 922 1299 si
952 1236 1112 1299 addamus
1142 1257 1200 1300 sex
1230 1240 1385 1301 cohortes
1416 1238 1511 1301 Albae

351 1345 500 1428 relictas,
528 1346 714 1407 efficiuntur
734 1343 1001 1425 quattuordecim
1026 1345 1179 1406 cohortes
1201 1345 1356 1427 Vibullii3
1383 1348 1439 1428 qui
1459 1367 1510 1406 nu-

350 1471 461 1512 merus
485 1452 583 1531 plane
607 1451 765 1512 convenit
788 1469 862 1511 cum
887 1468 941 1531 eo,
965 1468 1062 1530 quern
1087 1449 1263 1530 Pompeius
1288 1450 1438 1514 tradidit.

395 1557 581 1620 Secundum
610 1554 790 1620 Caesarem
819 1557 862 1637 (Ι,
888 1555 943 1637 15,
975 1557 1011 1634 7)
1039 1555 1208 1618 Domitius
1237 1557 1373 1621 circiter
1401 1559 1510 1639 viginti
1567 1568 1568 1613 l

351 1666 501 1726 cohortes
525 1642 615 1726 Alba
639 1669 671 1726 et
694 1663 816 1724 Marsis
841 1666 873 1724 et
896 1662 1059 1750 Pelignis,
1086 1662 1237 1724 finitimis
1264 1664 1307 1725 ab
1330 1665 1513 1745 regionibus

352 1777 520 1852 coegerat,
547 1770 724 1851 Pompeius
749 1777 860 1831 autem
891 1788 966 1831 eum
989 1769 1085 1831 initio
1115 1769 1290 1833 duodecim
1315 1776 1444 1834 tantum
1466 1791 1511 1833 co·

351 1879 463 1939 hortes
487 1877 644 1939 habuisse
659 1876 741 1938 dicit
753 1873 840 1955 (Cic.
868 1875 911 1938 ad
935 1877 1006 1937 Att.
1024 1875 1119 1957 VIII,
1145 1876 1186 1937 11
1204 1877 1261 1955 A).
1289 1875 1382 1959 Quae
1398 1877 1512 1940 discre-

351 1985 479 2065 pantia,
506 1984 658 2063 quamvis
683 1985 793 2064 prima
816 1985 926 2064 specie
951 1984 1064 2064 gravis
1089 1984 1257 2065 videatur,
1286 1986 1386 2048 facile
1411 1992 1512 2049 tamen

334 2091 514 2172 ‚explicari
538 2095 657 2171 potest.
679 2090 767 2152 Nam
790 2109 865 2151 oum
884 2090 1072 2170 Pompeius,
1096 2091 1149 2151 oui
1175 2111 1205 2152 a.
1233 2090 1266 2152 d.
1293 2091 1342 2152 IV
1356 2091 1435 2154 Idus
1460 2093 1511 2153 Fe-

354 2199 506 2260 bruarias
531 2216 589 2278 per
618 2196 658 2278 Q.
690 2197 832 2259 Fabium
861 2196 900 2259 de
931 2198 1028 2259 rebus
1058 2194 1318 2260 Corfiniensibus
1346 2199 1513 2263 Luceriam

353 2306 602 2388 allatumerat,
628 2306 663 2367 in
686 2306 810 2368 litteris
835 2306 903 2366 suis
928 2304 1043 2395 eodem
1068 2304 1120 2367 die
1146 2305 1188 2368 ad
1213 2303 1409 2389 Ciceronem
1434 2307 1512 2370 datis

352 2412 549 2493 Domitium,
586 2412 784 2493 Vibullium,
814 2411 952 2472 Hirrum
981 2412 1115 2473 collatis
1144 2412 1272 2475 viribus
1302 2410 1449 2476 Corfinio
1479 2412 1513 2476 ad

262 2578 264 2583 .
352 2521 462 2600 ipsum
494 2537 672 2600 properare
700 2518 851 2581 voluisse
879 2520 1047 2599 professus
1076 2537 1118 2580 ne
1152 2539 1217 2581 uno
1250 2512 1384 2601 quidem
1418 2523 1514 2584 verbo

351 2627 554 2688 mentionem
576 2626 681 2687 faciat
704 2644 820 2687 earum
845 2630 971 2706 septem
991 2626 1191 2708 cohortium,
1216 2647 1297 2708 quas
1316 2630 1432 2708 paucis
1452 2629 1514 2692 die·

352 2733 513 2821 bus.post
536 2731 723 2794 Sulmonem
749 2730 904 2812 oppidum
929 2750 1029 2811 seque
1054 2734 1143 2814 ipsos
1167 2734 1284 2795 invitis
1309 2735 1464 2797 Lucretio
1488 2738 1517 2796 et

353 2840 444 2900 Attio
469 2839 605 2902 ducibus
631 2836 770 2902 Caesari
791 2839 967 2902 tradidisse
991 2824 1113 2903 scimus
1137 2838 1251 2920 (Caes.
1273 2842 1300 2923 I,
1322 2843 1378 2926 18,
1404 2843 1514 2921 1—3],

351 2948 676 3010 satismanitestum
704 2967 778 3010 esse
806 2949 890 3009 mihi
919 2948 1066 3030 videtur,
1098 2968 1154 3012 eas
1183 2951 1295 3030 copias
1326 2971 1346 3012 a
1375 2951 1516 3014 Domitio

349 3061 425 3136 post
448 3054 514 3116 VII
536 3054 605 3133 (vel
633 3055 694 3133 VI)
713 3054 791 3116 Idus
817 3055 916 3117 Febr.
939 3054 1073 3117 demum
1097 3061 1228 3119 coactas
1249 3062 1346 3139 atque
1370 3060 1405 3121 in
1428 3058 1515 3140 oppi·

333 3160 428 3222 *dum
452 3160 643 3223 Sulmonem
667 3161 834 3223 coniectas
859 3180 945 3244 esse,
971 3163 1020 3224 ita
1042 3167 1079 3223 ut
1107 3162 1147 3243 Q.
1179 3162 1304 3224 Fabius
1333 3164 1373 3226 de
1403 3165 1445 3226 iis
1470 3164 1515 3226 ni-

340 3267 396 3359 ·hil
422 3287 495 3330 cum
520 3268 678 3348 Pompeio
698 3269 946 3331 communicare
971 3275 1084 3350 posset
1097 3267 1148 3348 ¹⁷).
1176 3270 1221 3330 At
1244 3275 1361 3332 contra
1380 3268 1513 3350 Caesar,

385 3494 420 3569 l⁷)
442 3495 748 3566 unanimorum
767 3511 794 3551 a.
816 3496 845 3552 d.
862 3496 917 3552 VH
931 3495 1000 3554 Idus
1014 3495 1103 3553 Febr.
1125 3494 1438 3567 Corfinioprofectum
1458 3511 1515 3554 esse

349 3602 435 3661 facile
463 3606 616 3672 concedes,
645 3606 669 3662 si
698 3622 734 3662 ex
758 3604 881 3676 Pompei
900 3604 1033 3675 epistolis
1052 3599 1142 3676 (apud
1161 3603 1224 3662 Cic.
1245 3604 1282 3661 ad
1302 3607 1364 3662 Att.
1386 3608 1465 3675 VllI,
1487 3607 1515 3663 12

350 3710 384 3778 O,
405 3715 435 3781 13
456 3713 494 3780 I),
515 3710 630 3768 l.-cf.
652 3718 752 3769 notam
771 3714 819 3782 44)
833 3710 1007 3782 cognoveris
1035 3711 1123 3767 etiam
1138 3712 1212 3769 alios
1227 3712 1344 3769 nuntios
1358 3729 1376 3770 a
1391 3713 1513 3771 Domitio

350 3818 455 3875 missos
473 3818 532 3875 illis
550 3818 735 3890 temporibus
762 3833 821 3874 non
851 3817 977 3874 celerius
1002 3833 1087 3888 quam
1112 3819 1210 3876 triduo
1240 3820 1395 3877 Luceriam
1418 3834 1512 3892 perve

350 3924 436 3981 nisse.
458 3956 492 3964 —
511 3923 561 3992 lis,
592 3938 666 3994 quae
692 3940 780 3995 supra
799 3923 996 3995 exposuimus,
1017 3924 1132 3981 minime
1152 3931 1314 3995 repugnant
1333 3926 1456 3998 Pompei
1473 3925 1513 3980 lit-

347 4020 431 4088 terae
455 4035 515 4102 (ap.
542 4029 604 4089 Cic.
630 4030 669 4087 ad
688 4032 750 4086 Att.
771 4029 853 4100 VIll,
876 4034 909 4087 12
927 4033 965 4099 A,
987 4034 1025 4098 1),
1044 4030 1075 4086 in
1095 4030 1198 4101 quibus
1221 4032 1354 4089 consules
1376 4034 1511 4090 eertIores
