3196 4634
828 212 1001 309 „35-

325 357 424 436 riam,
451 359 488 416 ut
511 372 571 416 nos
591 353 646 416 vel
665 353 816 415 maxiina
840 372 943 434 opera
966 358 1163 434 consumpta
1186 354 1221 414 in
1255 352 1357 415 tantis
1383 352 1490 414 offusis

325 463 470 526 tenebris
500 461 585 522 nihil
618 461 688 523 fere
715 459 909 523 illumiuare
932 460 1097 541 possimus
1130 460 1196 521 nisi
1228 459 1491 522 coniecturarum

284 655 287 660 Ι
325 571 423 653 quasi
448 568 579 631 facibus
603 566 815 650 quibusdam.

369 674 433 738 Sed
456 675 524 737 iam
549 673 649 736 audio
664 680 863 755 opponentes
888 674 971 736 mihi
986 692 1116 736 omnem
1137 678 1413 754 argumentorum
1429 692 1493 734 me-

325 802 419 846 orum
444 800 608 843 summanr
622 798 683 860 per
704 798 739 842 se
759 780 896 843 minime
915 799 986 843 esse
1004 780 1225 861 probabilem,
1248 777 1335 861 quod
1354 775 1493 860 Caesar,

325 891 354 952 si
369 908 406 951 re
425 907 508 950 vera
523 888 734 949 tribunorum
752 887 832 967 fuga
850 886 995 949 nondum
1015 888 1149 967 cognita
1167 886 1372 952 Rubiconem
1388 891 1495 949 trans·

324 1014 460 1077 gressus
489 994 677 1055 Ariminum
707 994 951 1075 occupavisset,
976 1013 1057 1055 sane
1081 993 1182 1055 stulte
1210 997 1244 1055 et
1267 990 1497 1073 imprudenter

324 1102 470 1166 inimicis
490 1101 559 1163 suis
579 1100 738 1161 illaturus
758 1100 861 1162 fuerit
879 1119 953 1163 eam
972 1101 1144 1182 Iniuriam,
1170 1118 1237 1181 qua
1256 1101 1366 1181 ipsum
1388 1100 1430 1162 ab
1455 1101 1496 1161 iis

324 1212 481 1274 affectum
503 1227 576 1270 esse
591 1212 708 1289 postea
721 1211 858 1288 questus
878 1208 932 1270 sit.
954 1208 999 1269 At
1018 1209 1223 1290 mehercule,
1245 1208 1301 1289 qui
1321 1206 1498 1270 istomodo

325 1316 581 1395 ratiocinantur,
603 1313 702 1374 nlmis
724 1318 843 1393 argute
862 1314 944 1374 mihi
964 1318 998 1376 et
1016 1332 1146 1377 morose
1167 1314 1363 1376 existimare
1382 1313 1497 1376 viden·

326 1429 379 1486 tur
404 1421 445 1484 de
470 1440 511 1484 ea
535 1420 744 1482 contentione
765 1439 804 1482 ac
830 1421 1072 1502 controversia,
1095 1439 1180 1502 quae
1204 1421 1292 1483 inter
1315 1416 1498 1485 Caesarem

325 1534 358 1594 et
373 1535 527 1592 senatum
541 1528 803 1609 Pompeiumque
820 1532 902 1590 erat.
927 1528 998 1589 Iam
1016 1527 1140 1590 dudum
1154 1528 1241 1591 enim
1256 1546 1296 1590 ea
1313 1547 1387 1590 cum
1402 1528 1498 1590 illius

324 1638 445 1700 da'mno
470 1640 568 1716 atque
592 1633 719 1695 Iniuria
740 1633 789 1695 ita
812 1635 937 1699 Romae
966 1633 1154 1714 disceptata
1177 1638 1263 1715 erat,
1281 1641 1317 1695 ut
1341 1635 1499 1696 omnibus
1585 1660 1586 1673 2

322 1743 595 1827 persuaderetur,
621 1739 715 1801 nulla
739 1758 776 1801 re
810 1734 929 1803 turbas
954 1741 1044 1802 finiri
1073 1760 1170 1822 posse
1194 1741 1259 1802 nisi
1285 1741 1401 1803 armis.
1444 1741 1499 1804 Ex

328 1852 386 1914 illo
410 1853 482 1932 ipso
500 1849 572 1931 die,
598 1867 662 1929 quo
686 1846 868 1911 Marcellus
894 1849 1007 1911 consul
1034 1868 1093 1911 suo
1117 1848 1284 1911 arbitratu
1309 1853 1427 1911 contra
1450 1848 1498 1912 le·

323 1978 381 2041 ges
410 1958 608 2038 Pompeium
635 1974 696 2036 pro
724 1956 835 2035 patria
864 1974 939 2018 curn
968 1957 1063 2018 hoste
1090 1974 1240 2037 pugnare
1273 1957 1400 2017 iussum
1437 1958 1498 2020 toti

323 2066 445 2129 Italiae
469 2065 693 2146 praefecerat,
716 2059 853 2144 Caesar,
880 2063 909 2125 si
932 2054 1064 2145 quidem
1084 2063 1242 2124 iniuriam
1265 2063 1402 2144 iniurIa,
1427 2064 1499 2125 vim

324 2177 359 2236 vi
382 2171 567 2254 rependere
586 2191 650 2234 non
670 2171 863 2252 verebatur,
889 2171 924 2232 in
943 2170 1154 2233 adversarios
1179 2170 1303 2233 belluni
1328 2170 1392 2232 sibi
1410 2170 1498 2234 indi·

326 2285 438 2343 centes
471 2276 644 2340 vindicare
680 2282 778 2358 atque
811 2278 861 2337 ius
890 2296 986 2338 suum
1015 2277 1117 2339 armis
1147 2281 1366 2339 exsecuturus
1395 2297 1499 2358 quam

325 2386 501 2449 celerrime
521 2402 578 2445 eos
593 2383 781 2463 opprimere
800 2381 989 2446 intenderet
1008 2383 1193 2464 oportebat.
1212 2382 1327 2464 Neque
1346 2384 1500 2463 profecto

279 2522 284 2539 ι
324 2493 449 2556 diutius
474 2510 603 2553 moram
628 2490 719 2552 fecit.
748 2488 867 2551 Statim
897 2489 1040 2551 tumultu
1065 2493 1180 2552 exorto
1192 2485 1235 2567 31)
1261 2508 1336 2551 cum
1366 2488 1500 2570 legione

324 2601 418 2681 XIII,
444 2618 545 2681 quam
570 2602 662 2659 trans
687 2597 790 2678 Alpes
816 2595 1024 2678 traduxerat,
1048 2603 1209 2677 exparte
1233 2597 1496 2678 septemtrionali

326 2705 459 2771 Galliae
473 2704 660 2784 cisalpinae
675 2703 717 2765 ad
732 2705 929 2770 Ravennam
944 2722 1063 2766 versus
1073 2703 1258 2784 procedens
1276 2703 1396 2784 viginti
1416 2704 1500 2768 dua·

206 2838 208 2843 ⁴
325 2833 399 2876 rum
425 2811 614 2874 cohortium
642 2810 808 2874 delectum
837 2810 1079 2891 provincialem
1107 2811 1227 2873 haberi
1251 2810 1345 2889 (bell.
1374 2811 1442 2876 civ.
1470 2814 1498 2894 l,

324 2920 381 3001 18,
407 2917 454 2999 5),
482 2917 628 2997 legiones
652 2916 718 2978 XII
741 2923 774 2979 et
798 2917 878 2978 VIII
901 2916 940 2995 (l.
964 2936 993 2978 c.
1020 2917 1048 2991 I,
1068 2917 1125 2999 15,
1152 2919 1185 2999 33
1210 2916 1266 2999 18,
1293 2919 1329 2995 5)
1348 2936 1391 2979 ex
1415 2916 1498 2982 Gal·

324 3028 373 3089 lia
397 3022 607 3104 transalpina
631 3023 766 3084 evocari
789 3022 900 3084 iussit.
926 3022 1061 3085 Interea
1085 3027 1122 3083 ut
1143 3023 1288 3103 spatium
1311 3022 1499 3087 intercede-

325 3139 388 3216 ret,
423 3132 502 3195 dum
532 3149 593 3194 eae
620 3130 927 3211 appropinquarent
955 3134 987 3192 et
1015 3130 1138 3192 milites
1169 3130 1293 3192 tirones
1322 3133 1499 3211 perpetuis

325 3240 497 3305 exercitiis
514 3238 557 3301 ad
572 3240 744 3305 Romanae
758 3235 958 3318 disciplinae
974 3239 1116 3300 formam
1132 3237 1375 3319 redigerentur,
1393 3240 1499 3301 etiarn

326 3357 403 3410 tunc
425 3346 466 3410 de
485 3346 577 3428 pacis
597 3343 845 3408 condicionibus
866 3364 941 3407 cum
961 3351 1080 3409 senatu
1100 3345 1233 3426 agebat,
1254 3363 1319 3407 non
1337 3364 1401 3426 quo
1421 3366 1498 3409 eam

325 3544 536 3555 ————--·-——

359 3681 396 3757 ³⁸)
418 3680 501 3753 Quod
519 3679 637 3737 ineunte
656 3677 814 3737 Decembri
832 3677 973 3735 accidisse
989 3693 1025 3735 ex
1039 3676 1176 3749 Appiano
1192 3676 1244 3748 (II,
1259 3678 1321 3743 31),
1335 3676 1497 3739 Plutarcho

259 3770 263 3779 ⁴
326 3789 442 3864 (Pomp.
460 3789 520 3858 so),
540 3785 635 3844 mone
653 3786 732 3855 (xc,
750 3787 796 3853 ss,
811 3790 843 3854 4;
858 3786 904 3853 ss,
925 3786 1019 3854 2-3),
1039 3783 1139 3842 uirtro
1157 3783 1239 3852 issu.
1257 3782 1333 3842 san.
1350 3784 1434 3851 vm,
1449 3788 1497 3854 ss)

321 3895 462 3955 afficitur.
473 3926 508 3934 -
519 3890 629 3952 Confer
647 3897 746 3950 notam
760 3894 794 3949 31
809 3895 839 3949 et
852 3890 938 3963 Caes.
953 3889 1021 3948 bell.
1038 3889 1093 3947 civ.
1110 3891 1135 3959 Ι,
1150 3894 1178 3958 7,
1193 3894 1224 3948 6:
1242 3890 1399 3963 [fertonem
1409 3890 1496 3960 XIII]

322 4002 427 4089 ,initio
445 3999 585 4058 tumultus
605 4000 810 4057 evocaverat“.
