3196 4634
759 258 908 318 ..2-

300 422 416 502 Neque
441 419 664 483 1111111111
692 421 854 484 eiusmodi
878 422 1087 501 quaestiones
1112 420 1152 483 de
1179 419 1426 482 commentariis

257 529 395 594 debello
414 525 546 592 Gallico
561 529 719 610 scriptae,
735 547 819 608 quae
839 547 913 590 cum
932 547 1091 609 magnam
1110 527 1232 589 litteris
1254 526 1427 588 attulerint

254 637 447 718 utilitatem,
476 654 514 698 eo
542 637 649 717 magis
678 634 857 698 dolendum
885 642 947 718 est,
978 634 1235 698 commentarios
1266 633 1306 697 de
1340 634 1427 696 bello

257 743 353 806 civili
385 742 486 805 valde
517 743 689 824 neglectos
723 760 829 822 neque
859 746 1018 805 tractatos
1052 761 1138 824 csse,
1174 741 1262 822 quod
1295 741 1428 822 quidem

257 851 375 932 sciam,
402 850 468 911 nisi
492 849 528 910 in
547 848 851 911 dissertatiunculis
871 855 929 912 aut
952 849 1084 910 omnino
1108 868 1160 911 res
1185 851 1306 911 cursim
1326 855 1358 911 11
1380 849 1426 911 le-

256 958 343 1020 viter
368 956 608 1038 attingentibus
631 959 688 1018 aut
712 956 786 1037 plns
807 955 846 1018 de
870 954 1026 1019 Caesaris
1052 960 1124 1017 arte
1144 955 1310 1018 scribendi
1330 975 1428 1036 quam

257 1063 298 1128 de
323 1065 393 1126 eius
418 1063 482 1126 fide
502 1064 667 1125 historica
686 1067 718 1125 et
737 1062 778 1125 de
798 1064 882 1144 ipsis
902 1065 1001 1126 rebus
1021 1063 1123 1144 gestis
1143 1063 1425 1142 disserentibus1).

301 1171 335 1233 si
363 1169 519 1234 Caesaris
547 1171 798 1233 commentariis
826 1170 866 1234 de
901 1171 989 1233 bello
1019 1171 1113 1233 civili
1157 1172 1315 1233 confectis
1349 1190 1430 1252 prae

258 1278 334 1341 aliis
359 1278 431 1340 eius
457 1277 575 1339 aetatis
600 1277 750 1339 historiis
773 1296 834 1358 per
859 1281 962 1339 totam
987 1278 1220 1357 antiquitatem
1245 1279 1428 1358 scriptores

257 1389 410 1467 posteros
433 1403 553 1465 parum
577 1403 653 1445 usos
679 1401 751 1445 esse
777 1384 894 1464 negari
921 1404 988 1447 non
1011 1385 1130 1466 possit,
1155 1403 1195 1446 ea
1218 1402 1272 1446 res
1301 1384 1336 1445 in
1360 1387 1429 1445 tam

222 1570 224 1573 ι
255 1492 382 1573 insigni
406 1492 480 1553 viro
507 1509 643 1572 prorsus
668 1491 755 1552 mira
778 1491 837 1552 vix
867 1491 964 1554 aliter
989 1491 1189 1574 explicetur,
1216 1509 1314 1570 quam
1341 1490 1430 1572 quod

257 1599 409 1662 omnibus
440 1598 642 1679 temporibus
671 1599 706 1659 in
734 1599 804 1660 eius
835 1599 968 1679 scriptis
996 1599 1144 1680 partium
1172 1599 1359 1679 principem
1389 1616 1430 1660 ex

257 1725 319 1769 sua
343 1709 472 1768 tantum
491 1723 636 1786 persona
656 1724 708 1767 res
729 1710 838 1786 gestas
858 1705 1062 1768 iudicantem
1083 1725 1122 1768 ac
1142 1725 1217 1767 cum
1237 1705 1290 1767 ira
1314 1709 1428 1767 11111-

258 1812 312 1889 dio
337 1815 529 1874 narrantem
554 1830 589 1873 se
609 1813 768 1892 praebere
793 1812 1041 1877 existimabant.
1070 1811 1117 1874 Ac
1137 1813 1285 1893 profecto
1305 1830 1362 1874 eos
1387 1812 1430 1875 ad

257 1921 327 1983 tale
350 1919 524 2002 iudicium,
551 1920 622 1981 sive
651 1919 686 1982 id
710 1920 745 1981 in
769 1924 861 1982 recta
891 1921 1083 2000 cognitione
1110 1921 1180 1983 sive
1209 1921 1244 1980 in
1273 1920 1429 2001 opinione

257 2018 476 2111 praesumpta
506 2028 651 2108 positum
680 2032 777 2110 esset,
808 2028 883 2108 ipsa
913 2028 962 2089 rei
985 2031 1106 2089 natura
1134 2026 1255 2090 adduci
1283 2029 1431 2108 potuisse

258 2137 332 2217 quis
353 2142 416 2218 est,
433 2137 489 2217 qui
504 2138 619 2216 neget?
642 2135 697 2197 An
716 2153 876 2197 veronen
895 2134 1082 2197 debuerunt
1101 2134 1210 2197 alieno
1226 2153 1298 2197 esse
1320 2136 1430 2198 animo

259 2243 300 2304 ab
325 2260 364 2305 eo
386 2247 535 2325 auctore,
556 2242 613 2323 qui
634 2241 759 2304 bellum
779 2242 881 2304 civile
902 2244 948 2304 tot
967 2241 1073 2303 variis
1093 2243 1287 2324 magnisque
1307 2248 1341 2305 et
1354 2262 1428 2323 gra·

257 2349 354 2413 vibus
380 2350 490 2411 causis
512 2349 599 2411 inter
624 2368 659 2411 se
679 2353 714 2420 et¹
734 2349 875 2431 Pompei
894 2354 1007 2429 partes
1032 2353 1180 2411 exortum
1200 2367 1304 2429 neque
1323 2351 1427 2431 prius,

258 2475 359 2537 quam
382 2475 437 2518 res
461 2455 598 2537 publica
621 2455 849 2519 Romanorum
875 2475 993 2519 eversa
1016 2462 1115 2539 esset,
1146 2458 1333 2519 contectum
1357 2457 1430 2537 ipse

259 2563 449 2626 describere
473 2562 684 2625 instituerat?
1426 2572 1429 2577 “

302 2671 411 2752 Atque
443 2671 499 2732 hic
528 2670 596 2731 iam
624 2671 720 2732 nobis
754 2668 889 2732 offertur
922 2672 1057 2732 unicum
1085 2668 1170 2731 illud
1203 2669 1362 2733 iudicium
1390 2671 1429 2734 dc

257 2773 414 2839 Caesaris
449 2775 514 2838 fide
542 2779 574 2837 11
603 2776 803 2838 11111111111
832 2776 875 2839 ad
905 2777 1104 2839 memoriam
1132 2777 1425 2859 posteritatemque

295 2990 317 3056 ¹)
337 2986 519 3057 Quamquam
547 3000 593 3053 ea,
618 3000 692 3056 qnae
720 2984 925 3059 Eyssenhardt
943 2983 986 3061 (in
1005 2986 1109 3044 Jahrb.
1137 2989 1216 3055 1862,
1245 2987 1305 3045 vol.
1334 2990 1380 3056 85,
1400 3004 1429 3059 p.

258 3096 395 3165 ‘loo-64)
413 3093 449 3150 de
470 3091 607 3150 Caesaris
626 3093 802 3151 auctoritate
817 3092 986 3163 disputavit,
1002 3109 1071 3166 prae
1091 3094 1157 3152 aliis
1172 3094 1260 3166 digna
1274 3110 1340 3150 esse
1359 3094 1431 3151 mihi

257 3200 405 3267 videntur,
427 3214 501 3270 quae
520 3197 739 3269 praedicentur,
759 3203 858 3255 tamen
876 3199 1011 3257 11111111
1030 3200 1117 3257 velim
1137 3200 1241 3257 etiam:
1262 3199 1429 3257 Drumann:

261 3307 452 3375 „Geschichte
479 3306 586 3363 Roms“
606 3305 661 3373 III,
681 3321 711 3376 p.
733 3308 869 3375 756-583
886 3308 1003 3364 Henne:
1024 3306 1085 3379 „De
1100 3306 1227 3365 Caesare
1250 3323 1381 3364 reruma
1400 3322 1429 3364 11

259 3419 407 3488 gestarum
427 3413 590 3485 scriptore“
610 3412 708 3482 (Paris
721 3416 829 3488 ,1843);
844 3415 1069 3473 Winclrelmann
1087 3415 1130 3484 (in
1148 3414 1249 3474 Jahn’s
1263 3415 1375 3473 Archiv
1389 3413 1428 3481 II,

259 3520 429 3595 533—550);
445 3521 616 3578 Bresemer:
634 3520 876 3593 „Bemerkungen
891 3521 963 3579 dber
982 3522 1038 3579 den
1052 3522 1158 3580 Werth
1178 3521 1236 3578 und
1255 3522 1303 3579 die
1324 3521 1431 3580 Glaub

259 3628 435 3698 wtirdigkeit
448 3627 501 3685 der
517 3612 754 3685 Commentarien
770 3628 912 3686 Caesars“
928 3626 1040 3703 (1835);
1056 3627 1147 3686 Seck:
1164 3628 1225 3699 „De
1240 3627 1433 3686 111111111-

260 3735 335 3792 saris
358 3712 636 3792 commentariorum
654 3734 735 3798 fide“‚
751 3739 829 3806 part·
845 3736 875 3793 Il
888 3735 1008 3805 (Essen.
1027 3738 1116 3802 1864).
1129 3735 1298 3792 -Frustra
1312 3740 1433 3792 conten-

261 3842 376 3912 debam,
397 3846 430 3898 11
448 3841 617 3913 diligentius
636 3825 813 3913 inspicerem
842 3841 981 3906 libellum,
1001 3857 1087 3912 quem
1116 3839 1227 3899 Gloede
1250 3842 1430 3914 composuit:

262 3950 378 4023 „Ueber
397 3949 445 4007 die
459 3948 636 4006 historische
652 3948 924 4022 Glanbwttrdigkeit
939 3949 1062 4006 Gaesars
1076 3948 1107 4004 in
1122 3948 1178 4005 den
1194 3947 1431 4006 Commentarien

260 4071 328 4113 vom
347 4053 584 4126 Bdrgerkriege“
600 4053 680 4121 (Kiel
700 4057 791 4125 1871).
