3196 4634
852 231 1026 294 ,43-

358 371 432 435 ficte
457 371 498 434 de
522 390 606 453 pace
632 372 767 454 egisset,
800 376 867 434 tum
891 373 999 436 subito
1029 378 1162 454 praeter
1192 376 1385 456 opinionem
1414 384 1445 441 et
1465 400 1513 442 vo·

358 481 519 542 luntatem
544 477 759 541 adversarios
784 478 826 542 ad
855 480 967 542 omnia
996 480 1210 544 concedenda
1237 489 1412 564 promptos
1434 487 1514 549 inve-

357 587 457 668 niret,
485 586 566 648 satis
591 604 756 666 apparere
784 586 866 647 mihi
894 585 1039 649 videtur.
1072 586 1165 668 Quod
1187 586 1333 652 ¹Caesari
1364 591 1517 655 accidisse

358 692 557 756 contendere
580 711 646 755 non
669 696 816 756 cunctor.
843 694 930 756 Nam
950 694 1015 756 etsi
1038 695 1175 757 incertis
1194 697 1383 760 rumoribus
1409 697 1450 760 ad
1472 695 1518 761 Ci-
1580 688 1581 693 ’

358 819 510 863 ceronam
534 800 673 880 perlatis
697 798 756 878 (ad
779 800 849 862 Att.
877 800 955 882 VH,
986 800 1042 883 17,
1069 801 1088 862 2
1114 805 1146 863 et
1169 800 1225 884 18,
1251 802 1299 884 2),
1326 804 1445 885 quibus
1468 805 1520 867 ille

358 907 445 969 inter
468 908 560 987 ipsas
584 905 624 968 de
639 924 722 987 pace
746 907 894 969 actiones
913 907 1076 969 acerrime
1100 908 1135 968 in
1158 908 1248 971 bello
1264 910 1459 990 apparando
1474 929 1520 973 oc·

358 1018 498 1095 capatus
523 1010 595 1076 0000
614 1012 799 1096 dicebatur,
821 1032 888 1076 non
912 1013 1046 1094 plenam
1066 1013 1164 1076 fidem
1189 1015 1335 1078 tribuere
1356 1015 1520 1099 debemus,

358 1125 471 1183 tamen
495 1118 652 1184 Caesaris
668 1121 771 1182 animi
795 1121 975 1201 imaginem
990 1125 1160 1200 tamqnam
1179 1123 1214 1183 in
1230 1123 1367 1202 speculo
1393 1143 1521 1205 expres·

359 1248 431 1290 sam
455 1246 655 1308 cognoscere
670 1247 848 1308 possumus
872 1228 907 1289 in
931 1246 984 1310 co,
1002 1227 1089 1308 quod
1113 1225 1225 1311 Curio,
1248 1230 1319 1292 eius
1341 1231 1523 1294 familiaris-

359 1336 475 1417 simus,
502 1334 540 1395 L.
568 1331 712 1398 Caesare
732 1338 765 1396 et
783 1335 904 1400 Roscio
928 1353 1003 1395 cum
1022 1331 1176 1398 Caesaris
1190 1334 1357 1398 mandatis
1378 1336 1522 1399 Teanum

359 1439 573 1522 Capuamque
593 1441 752 1521 profectis
777 1444 881 1503 totam
896 1440 1098 1521 legationem
1122 1459 1237 1503 eorum
1251 1442 1359 1504 irrisit
1382 1443 1443 1521 (ad
1457 1445 1521 1505 Att.

359 1549 435 1631 VII,
461 1549 518 1611 19,
534 1584 578 1594 -
593 1550 635 1610 cf.
662 1552 775 1611 notam
798 1549 870 1627 36).
897 1549 1013 1629 Itaque
1038 1568 1113 1611 cum
1136 1548 1162 1610 ii
1185 1549 1374 1612 Ariminum
1398 1552 1523 1614 reversi

356 1654 537 1720 Caesarem
553 1656 732 1718 certiorem
755 1656 921 1738 fecissent,
940 1674 1053 1718 omnes
1078 1656 1148 1718 eius
1169 1655 1415 1720 condicionesa
1435 1659 1522 1722 Pom-

358 1763 487 1844 peianis
513 1770 668 1843 acceptas
693 1781 768 1825 esse
795 1764 855 1844 ita,
886 1768 921 1823 ut
945 1781 986 1824 ex
1008 1762 1128 1824 Italiae
1159 1761 1288 1843 oppidis
1317 1768 1451 1844 praeter
1478 1766 1524 1826 ius

358 1871 528 1951 occupatis
552 1869 723 1950 praesidia
750 1868 1003 1950 deducerentur,
1029 1869 1088 1931 ille
1116 1872 1180 1932 hoc
1210 1870 1368 1950 obsequio
1391 1873 1524 1934 minime

358 1982 541 2059 contentus,
568 1996 610 2039 ne
634 1978 701 2039 suis
727 1978 790 2040 sibi
809 1977 985 2058 postulatis
1010 1977 1109 2039 nimis
1130 1977 1257 2041 leuibus
1282 1982 1370 2041 stare
1394 1997 1525 2043 necesse

359 2089 460 2166 esset,
491 2084 570 2146 belli
597 2064 741 2164 speciem
771 2084 980 2163 quaesiturus
1014 2083 1076 2146 illa
1103 2084 1383 2165 Pompeianorum
1417 2085 1522 2149 condi·

360 2191 468 2272 01000,
496 2209 562 2270 qua
584 2191 620 2251 in
643 2210 736 2253 suam
761 2191 970 2271 provinciam
997 2189 1108 2253 redire
1133 2190 1314 2273 iuberetur,
1345 2193 1523 2254 maximum

359 2405 440 2468 ferri
464 2403 562 2466 dixit.
589 2403 680 2485 Quod
703 2405 738 2465 in
767 2404 1017 2467 commentariis
1041 2404 1108 2465 suis
1138 2404 1241 2466 etiam
1264 2405 1373 2486 magis
1402 2407 1522 2468 colora·

358 2513 409 2574 vit
430 2512 482 2574 illi
505 2513 563 2573 uni
587 2511 775 2574 condicioni
799 2512 885 2574 alias
917 2512 1092 2594 affingens,
1119 2530 1201 2591 quas
1232 2518 1394 2575 asenatu
1422 2531 1524 2595 neque

358 2619 446 2681 latas
465 2637 537 2681 0000
562 2638 668 2700 neque
693 2619 773 2682 ferri
798 2619 947 2700 potuisse
969 2638 1071 2699 supra
1099 2617 1260 2680 vidimus.
1293 2616 1386 2699 Quod
1416 2624 1525 2683 autem

360 2723 484 2788 Caesar
507 2725 657 2807 Pompei·
672 2725 891 2788 conveniendi
913 2728 1111 2806 potestatem
1131 2725 1196 2787 sibi
1220 2725 1343 2787 factam
1366 2744 1430 2787 non
1456 2743 1525 2788 esse

359 2832 583 2914 conqueritur,
611 2850 685 2894 eam
701 2831 883 2895 concedere
907 2836 1042 2895 senatus
1068 2850 1126 2894 000
1149 2832 1222 2894 iure
1245 2831 1386 2914 veritus,
1412 2851 1453 2895 ne
1478 2831 1525 2893 illi

359 2940 447 3002 inter
460 2959 496 3002 se
510 2940 669 3002 collocuti
684 2959 744 3002 sno
759 2941 893 3002 nomine
914 2943 1015 3019 atque
1026 2918 1170 3001 'arbitrio
1191 2939 1433 3019 rempublicam
1452 2958 1524 3001 con-

360 3048 549 3129 st'tnerent,
577 3051 610 3109 et
633 3066 714 3108 suae
741 3046 916 3127 dignitatis
946 3051 979 3108 ct
1007 3047 1100 3127 pacis
1124 3065 1207 3109 cura
1234 3046 1358 3108 vetitus
1388 3044 1523 3124 000111).

359 3154 476 3234 Itaque
499 3150 625 3216 Caesar
649 3153 762 3215 omnia
786 3172 915 3214 sorsum
940 3151 1096 3214 deorsum
1115 3156 1242 3235 versat,
1268 3171 1343 3214 cum
1368 3171 1417 3235 eo,
1444 3148 1526 3234 quod

360 3259 424 3321 sibi
449 3265 577 3340 tempus
603 3259 768 3341 colloquio
792 3258 907 3320 datum
931 3277 996 3321 non
1025 3258 1081 3341 sit,
1107 3277 1231 3339 magua
1254 3259 1347 3339 pacis
1372 3258 1523 3340 despera·

361 3366 451 3428 tione
476 3384 511 3427 se
536 3366 690 3428 affectum
724 3369 821 3448 atque
856 3363 900 3427 ad
931 3365 1056 3427 bellum
1089 3363 1318 3427 renovandum
1350 3365 1523 3446 impulsum

361 3491 434 3535 esse
458 3471 551 3534 dicit.

395 3704 430 3771 ⁴3)
451 3699 560 3760 Confer
580 3701 683 3758 Dionis
704 3702 795 3760 verba
813 3701 908 3769 (XLI,
929 3705 955 3770 5,
976 3701 1022 3770 3):
1049 3706 1136 3754 τοῦτο
1156 3695 1208 3767 μὲν
1231 3697 1286 3768 οὐχ
1304 3694 1397 3768 ἡδέως
1416 3699 1444 3754 οἱ
1461 3700 1522 3753 πολ-

360 3807 405 3866 λοὶ
426 3809 568 3879 ἥκουσαν,
590 3806 735 3874 δείσαντες
753 3810 790 3879 μὴ
810 3807 861 3865 καὶ
880 3804 956 3864 κατὰ
976 3817 1057 3880 σφῶν
1076 3828 1103 3864 τι
1124 3803 1301 3864 σύνθωνται.
1323 3807 1449 3880 Reliqua
1467 3805 1522 3864 fere

359 3921 468 3986 omnia,
490 3934 565 3990 qnae
584 3934 602 3974 a
621 3917 716 3975 Dione
735 3917 771 3975 de
791 3918 835 3975 his
849 3917 937 3974 rebus
956 3921 1126 3984 narrantur,
1141 3919 1267 3987 propter
1285 3915 1485 3986 perturbatum
1495 3912 1521 3968 in

358 4026 394 4083 iis
413 4026 527 4083 dierum
547 4025 679 4082 ordinem
699 4040 792 4095 00000
811 4025 882 4082 00111
901 4024 969 4081 0001
987 4034 1053 4081 esse
1072 4038 1162 4094 supra
1181 4022 1480 4079 commemoravimus.
