3196 4634
814 201 1010 264 .-54..

332 360 403 404 esse
427 339 625 404 venturum“
642 339 755 421 (Caes.
780 343 809 424 Ι,
828 342 884 424 17,
915 343 1043 406 2-cf.
1075 340 1145 407 Cic.
1169 342 1211 405 ad
1240 343 1310 406 Att.
1339 345 1428 427 VIII,
1453 345 1485 406 12

333 448 376 530 D,
402 448 450 527 1).
477 448 564 511 Nam
588 469 649 530 per
673 469 707 512 se
731 450 950 530 intellegitur,
969 451 1041 512 lieri
1066 469 1131 513 non
1154 452 1314 534 potuisse,
1336 453 1413 533 quin
1434 453 1488 514 Do·

333 554 461 637 mitius,
489 574 563 617 curn
589 555 702 636 paullo
728 561 818 638 ante,
844 562 880 618 ut
909 556 1006 619 modo
1030 556 1348 639 demonstravimus,
1380 564 1489 639 septem

333 663 485 724 cohortes
510 662 667 724 Lucretio
692 667 844 725 senatore
870 668 903 726 et
926 663 1020 727 Attio
1058 664 1195 726 ducibus
1218 663 1407 728 Sulmonem
1430 685 1492 727 con-

333 769 468 831 iecisset
491 767 590 849 idque
613 769 810 849 oppiduma
833 766 979 832 Corfinio
1004 775 1139 851 septem·
1158 775 1287 832 tantum
1312 772 1408 834 milia
1429 791 1491 852 pas·

332 894 428 935 suum
462 874 617 958 distaret,
658 895 773 937 earum
803 894 931 958 quoque
966 878 1136 958 copiarum
1170 878 1334 940 rationem
1368 879 1493 941 haberet

332 986 444 1064 atque,
470 983 537 1043 nisi
560 984 739 1064 Pompeius
764 984 890 1045 auxilio
919 985 1082 1065 venisset,
1109 1003 1175 1046 una
1199 1004 1274 1047 cum
1298 982 1444 1049 Corfinio
1467 990 1494 1048 et

331 1089 452 1169 viginti
475 1090 619 1171 quinque
639 1091 832 1153 cohortibus
853 1091 900 1154 ibi
923 1092 1098 1154 collocatis
1120 1093 1222 1154 etiam
1243 1098 1370 1174 septem
1392 1093 1492 1155 cohor-

332 1201 381 1279 tes
397 1195 633 1260 Sulmonenses
645 1198 806 1259 amissum
820 1199 864 1259 iri
875 1199 1095 1261 existimaret.
1119 1197 1211 1280 Quod
1225 1218 1300 1262 eum
1319 1200 1494 1262 rectissime

330 1302 510 1386 indicasse,
536 1305 608 1384 ipse
631 1311 769 1367 eventus
789 1324 899 1368 rerum
925 1304 1049 1368 docuit.
1073 1306 1218 1368 Tantum
1238 1308 1326 1370 enim
1347 1309 1439 1389 afuit,
1464 1310 1495 1367 ut

330 1409 411 1471 illae
430 1412 581 1472 cohortes
602 1410 807 1494 praesidium
827 1432 923 1473 suum
942 1417 1059 1474 contra
1073 1409 1254 1476 Caesarem
1274 1413 1494 1496 defenderent,

331 1525 368 1578 ut
390 1518 459 1579 iam
484 1518 706 1598 compluribus
732 1517 846 1582 diebus
868 1524 957 1600 ante,
979 1539 1080 1600 quem
1100 1517 1282 1582 Corfinium
1303 1521 1493 1602 traderetur,

330 1624 377 1686 M.
400 1626 546 1688 Antonio
563 1646 625 1687 sua
640 1633 758 1707 sponte
773 1636 887 1707 portas
909 1628 1080 1707 aperirent
1094 1646 1195 1708 seque
1211 1628 1373 1692 dederent
1387 1627 1493 1707 [Caes.

330 1732 358 1814 Ι,
384 1732 442 1815 18,
469 1732 583 1811 1-3).
603 1733 777 1813 —Itaque
807 1733 953 1796 dubitari
982 1753 1048 1797 non
1071 1740 1195 1817 potest,
1226 1738 1307 1817 quin
1335 1737 1495 1799 Domitius

329 1840 363 1900 in
389 1859 563 1901 numerum
577 1859 694 1902 earum
715 1841 898 1922 copiarum,
917 1859 999 1920 quas
1021 1842 1056 1902 in
1074 1861 1200 1904 summo
1220 1842 1414 1907 discrimine
1430 1863 1497 1907 esse

330 1946 490 2026 Pompeio
511 1947 663 2027 scripsit·
680 1934 971 2027 comprehenderit
992 1953 1118 2028 septem
1139 1950 1291 2012 cohortes
1310 1950 1495 2012 Sulmonen-

286 2060 293 2071 '
331 2073 383 2116 ses
396 2050 449 2132 ¹⁸).
475 2055 542 2116 Eas
563 2055 651 2116 enim
673 2055 702 2114 si
715 2053 869 2116 addimus
887 2054 929 2116 ad
953 2055 1072 2136 viginti
1089 2056 1234 2136 quinque
1257 2059 1413 2120 cohortes
1429 2059 1496 2139 ipso

330 2158 481 2223 Corfinio
506 2161 703 2242 collocatas,
730 2161 921 2224 efficiuntur
946 2162 1085 2241 triginta
1109 2161 1208 2246 duae,
1235 2164 1303 2246 vel,
1329 2171 1366 2227 ut
1390 2165 1495 2227 Domi·

330 2269 369 2329 tii
384 2269 497 2330 verbis
519 2274 607 2350 utar⁷
626 2268 820 2353 ,amplius
847 2269 985 2349 triginta
1006 2267 1193 2334 cohortes&
1220 2270 1371 2334 Eundem
1390 2291 1498 2335 nume·

330 2395 402 2436 rum
430 2374 588 2436 traditum
603 2376 791 2437 invenimus
816 2375 905 2456 apud
926 2376 1144 2439 Plutarchum
1169 2393 1202 2441 et
1226 2377 1397 2461 Orosium,
1423 2400 1497 2461 quo·

329 2502 403 2543 rum
431 2483 490 2544 ille
507 2462 612 2545 vLivio
640 2483 710 2561 (vel
739 2483 829 2545 Livii
859 2485 1093 2565 epitomatore)
1123 2491 1260 2549 auctore
1289 2507 1378 2550 usus:
1407 2485 1496 2568 [Cae-

329 2590 397 2668 sar]
414 2593 501 2673 7,tres
518 2589 680 2672 legiones,
701 2590 821 2671 inquit,
834 2608 918 2671 quae
939 2610 1013 2653 cum
1034 2591 1181 2654 Domitio
1202 2592 1303 2672 apud
1319 2591 1498 2656 Corfinium

329 2697 560 2777 morabantur,
588 2695 630 2758 ad
653 2701 768 2777 partes
789 2717 865 2758 suas
891 2695 1058 2760 uaduxitll
1074 2700 1181 2761 -hic
1204 2700 1357 2762 Asinium
1381 2702 1498 2765 Pollio-

362 2945 398 3016 is)
428 2942 485 3002 Sed
513 2960 549 3000 ne
578 2944 642 3014 quis
670 2944 741 3000 mihi
766 2951 908 3016 opponat,
928 2961 946 3002 a
966 2945 1096 3003 Domitio
1116 2947 1146 3002 in
1165 2963 1317 3004 numerum
1337 2950 1499 3007 cohortium

327 3048 567 3120 periclitantium,
588 3049 612 3106 si
634 3051 866 3121 comprehensae
886 3059 984 3108 essent
1002 3055 1112 3124 septem
1132 3054 1269 3111 cohortes
1285 3055 1498 3125 Sulmonenses,

328 3154 538 3225 comprehendi
557 3154 691 3212 debuisse
711 3156 800 3212 etiam
819 3173 871 3214 sex
890 3158 1028 3215 cohortes
1048 3158 1142 3216 Alba'e
1162 3160 1334 3218 collocatas:
1360 3180 1425 3219 cum
1447 3164 1499 3220 hae

326 3263 432 3334 copiae
460 3281 518 3320 non
546 3264 679 3331 Domitii,
710 3265 760 3321 sed
789 3238 920 3336 Vibullii,
941 3267 986 3324 vel
1006 3267 1104 3339 potius
1123 3269 1246 3340 Pompei
1266 3276 1361 3339 erant,
1382 3277 1444 3329 tum
1464 3272 1498 3327 iis

326 3370 454 3427 nondum
475 3370 662 3442 impendebat
681 3372 854 3443 periculum,
874 3374 1095 3444 primumquod
1116 3375 1226 3432 Caesar
1246 3379 1405 3435 secundum
1420 3394 1498 3435 mare

326 3477 384 3534 iter
411 3476 539 3534 faciebat
566 3483 595 3534 et
624 3476 755 3538 Corfinio
784 3480 1051 3552 appropinquabat,
1082 3482 1186 3539 deinde
1212 3483 1290 3554 quod
1313 3485 1391 3542 Alba
1410 3486 1498 3542 molto

325 3585 459 3657 longiore
488 3587 593 3656 spatio,
622 3603 708 3658 quam
739 3587 849 3655 Sulmo,
869 3587 974 3644 aberat
992 3590 1029 3646 ab
1049 3589 1098 3646 illo
1119 3590 1237 3662 oppido.
1271 3593 1375 3663 Itaque
1393 3591 1497 3650 facturn

321 3702 385 3763 est,
414 3701 445 3751 ut
474 3694 506 3753 G.
534 3696 662 3752 Manlius
687 3702 872 3767 *expugnato
901 3696 1016 3753 demum
1046 3698 1178 3756 Corfinio
1217 3705 1246 3756 et
1284 3700 1411 3758 Caesare
1446 3714 1498 3769 per
1563 3690 1564 3739 l

325 3801 398 3859 fines
427 3802 676 3869 Marrucinorum,
702 3802 931 3869 Frentanorum,
961 3787 1143 3861 Larinatidm
1168 3805 1226 3862 iam
1246 3805 1362 3876 longius
1381 3820 1497 3878 progre-

325 3910 423 3966 diente
444 3908 495 3979 (cf.
513 3909 596 3966 Caes.
616 3909 640 3976 l,
661 3911 707 3977 23,
726 3914 754 3973 bt
774 3925 839 3966 cum
869 3910 928 3966 suis
956 3927 1007 3967 sex
1035 3911 1207 3969 cohortibus
1234 3912 1310 3969 Alba
1337 3912 1496 3970 diseederet
1563 3908 1564 3961 ζ

325 4017 422 4088 (Caes.
444 4018 469 4087 I,
488 4021 534 4086 24,
554 4019 595 4084 3).
