3196 4634
785 230 960 292 ,22-

282 376 431 453 reverat,
458 371 501 435 ad
521 371 701 435 discrimen
724 376 861 434 ventum
887 377 949 435 est.
978 372 1159 453 Postquam
1180 374 1299 456 primis
1324 372 1453 455 diebus,

283 486 509 560 quaecumque
542 480 577 540 in
610 489 726 541 senatu
757 484 833 541 acta
861 483 968 562 erant,
1000 479 1142 542 tribunis
1175 481 1284 562 plebis
1313 481 1450 542 interce-

282 585 436 648 dentibus
471 585 514 648 ad
547 586 680 647 irritum
709 585 914 668 ceciderunt,
947 591 1023 649 ante
1051 586 1141 649 diem
1170 589 1348 668 septimum
1376 585 1453 649 Idus

281 693 459 755 Ianuarias
489 692 829 775 senatusconsultum,
865 711 928 772 qno
957 695 1173 775 magistratus
1203 714 1340 776 operam
1374 693 1454 756 dare

281 801 366 862 inssi
390 806 477 881 sunt,
504 819 544 862 ne
569 798 649 880 quid
668 800 861 882 respublica
879 800 1071 862 detrimenti
1091 806 1237 883 caperet,
1260 805 1336 883 post
1360 819 1453 863 acer-

282 908 387 969 rimas
412 908 652 969 altercationes
676 900 845 988 perlatum
869 912 931 969 est,
959 910 1069 995 Quare
1094 909 1221 971 tribuni
1244 909 1366 989 plebis,
1393 908 1448 989 qui

281 1013 438 1078 Caesaris
457 1016 605 1096 partium
628 1019 738 1093 erant,
760 1016 910 1097 periculo
929 1016 1145 1078 circumvent
1167 1017 1282 1079 statim
1302 1017 1457 1097 proxima

282 1127 378 1186 nocte
402 1121 445 1184 ad
470 1121 590 1185 ducem
615 1142 711 1184 snum
739 1124 957 1204 profugerunt
971 1120 1023 1200 17).
1054 1123 1189 1186 Interea
1213 1122 1256 1186 ad
1284 1129 1449 1201 senatum,

281 1229 338 1312 qui
363 1229 576 1311 sequentibus
601 1227 717 1291 diebus
746 1231 786 1311 (i.
814 1249 843 1292 e.
867 1249 898 1291 a.
926 1228 958 1291 d.
977 1230 1025 1291 VI
1048 1233 1082 1292 et
1106 1230 1136 1291 V
1161 1229 1240 1291 idus
1264 1229 1456 1312 Ianuarias)

283 1340 380 1399 extra
417 1335 533 1397 urbem
571 1336 725 1418 habetur,
761 1335 801 1398 de
844 1336 925 1398 belli
970 1341 1136 1416 apparatu
1170 1337 1334 1398 refertur.⁴
1368 1336 1454 1399 Tota

281 1442 383 1504 Italia
415 1442 564 1504 delectus
598 1442 786 1525 instituere,
823 1442 937 1504 omnia
971 1443 1105 1504 aeraria
1127 1442 1264 1523 publica
1296 1443 1455 1524 Pompeio

280 1551 315 1611 in
352 1569 447 1611 usum
487 1547 631 1630 tradere,
665 1548 861 1629 provincias
900 1549 984 1610 sorti
1021 1549 1216 1629 permittere
1254 1547 1451 1611 decernunt.

281 1660 373 1737 Quae
398 1654 535 1717 decreta
557 1675 611 1717 res
637 1655 812 1718 confestim
836 1650 995 1735 sequitur:
1027 1654 1180 1716 consules
1206 1672 1248 1716 ex
1272 1654 1353 1716 urbe
1379 1673 1451 1735 pro-

282 1764 478 1825 ficiscuntur
493 1758 542 1844 ¹⁸),
562 1767 630 1824 tota
640 1762 742 1823 Italia
757 1761 903 1823 delectus
927 1760 1104 1842 habentur,
1122 1761 1286 1841 pecuniae
1311 1759 1459 1843 undique

282 1870 473 1950 exiguntur.

327 1974 453 2057 Quibus
479 1974 518 2038 ds
542 1976 641 2038 rebus
666 1976 850 2038 Ravennae
872 1974 996 2037 certior
1016 1975 1124 2036 factus
1150 1970 1278 2036 Cacsar
1299 1976 1454 2037 cohortes

282 2082 325 2144 ad
345 2084 532 2145 contionem
552 2083 753 2145 convocavit
771 2082 877 2163 iisque
899 2079 1057 2161 ostendit,
1073 2099 1139 2142 non
1159 2080 1267 2143 solum
1289 2100 1324 2143 se
1344 2082 1454 2163 ipsum

284 2191 326 2252 ab
350 2191 491 2272 ingratis
515 2191 672 2273 inimicis,
699 2189 883 2254 sedetiam
908 2192 1137 2251 sacrosanctos
1168 2188 1318 2251 tribunos
1342 2189 1454 2269 plebis

282 2303 399 2359 contra
422 2302 558 2378 patrum
587 2298 742 2359 instituta
766 2315 805 2357 ac
830 2295 919 2376 leges
943 2296 1070 2357 nefarie
1084 2292 1123 2368 19)
1149 2295 1290 2357 offensos
1319 2315 1453 2377 oppres·

319 2523 352 2599 Π)
373 2521 446 2580 Cum
466 2521 594 2579 Caesare
614 2524 653 2592 (Ι,
674 2528 700 2591 5,
721 2521 751 2598 5)
772 2519 873 2579 confer
892 2520 1036 2592 imprimis
1055 2521 1223 2592 Appianum
1244 2522 1297 2593 (11,
1317 2521 1376 2596 33).
1443 2564 1446 2569 »

317 2630 352 2704 ¹⁸)
372 2631 496 2688 Tantum
515 2631 608 2697 abest,
628 2639 660 2686 nt
679 2645 744 2686 cnm
768 2627 967 2702 Nipperdeyio
988 2612 1136 2700 („Quaest.
1163 2627 1264 2686 Caes“.
1286 2646 1315 2700 p.
1339 2633 1403 2697 132)
1426 2629 1454 2685 in
1471 2595 1495 2675 *f

282 2737 417 2796 Caesaris
437 2737 591 2794 enunciata
616 2736 654 2813 (Ι,
671 2740 698 2804 6,
719 2740 748 2807 7)
770 2736 1055 2807 „consules-qnod
1074 2743 1142 2793 ante
1165 2736 1195 2792 id
1213 2742 1328 2809 tempus
1347 2738 1455 2795 accidit
1496 2718 1499 2726 ¹

281 2859 528 2914 numquam-ex
546 2843 620 2900 urbe
639 2843 883 2915 proficiscuntur“
902 2843 1083 2914 interpolata
1102 2859 1164 2900 esse
1179 2859 1349 2900 censeamus
1364 2845 1455 2901 verba

280 2948 468 3021 interposita,
489 2954 521 3006 ut
540 2965 604 3005 cum
623 2949 789 3006 Mommsen
810 2948 1054 3021 („Rechtsfrage“
1074 2954 1131 3006 etc.
1152 2966 1181 3020 p.
1202 2951 1322 3022 ete-31)
1338 2950 1454 3022 saepius

280 3055 311 3112 in
330 3054 498 3112 discrimine
518 3055 699 3127 reipublicae
718 3055 862 3114 accidisse
881 3055 997 3123 doceat,
1017 3062 1049 3112 ut
1077 3057 1221 3127 consules,
1236 3056 1309 3127 dum
1333 3031 1453 3115 munere

280 3162 486 3236 fungebantur,
506 3170 756 3236 praetermorem
776 3167 806 3221 et
824 3165 1062 3222 consuetudinem
1081 3181 1117 3222 ex
1135 3166 1208 3222 urbe
1232 3158 1452 3236 egrederentur,

280 3271 332 3329 illa
350 3272 440 3329 verba
458 3272 584 3329 maxime
603 3272 712 3329 idonea
731 3289 794 3330 esse
813 3273 898 3330 nobis
922 3273 1089 3342 videantur,
1109 3262 1184 3345 quae
1207 3243 1364 3342 illustrent,
1384 3289 1453 3346 quo-

279 3377 368 3434 modo
384 3377 494 3436 Caesar
504 3377 691 3435 inimicorum
713 3394 833 3436 suorum
843 3378 1135 3451 perstringendorum
1149 3395 1236 3436 causa
1249 3379 1382 3437 veritatis
1395 3355 1452 3436 lide

280 3502 383 3558 parum
403 3492 520 3543 servata
538 3503 586 3543 res
606 3487 636 3542 in
654 3485 748 3543 mains
768 3486 911 3543 extollere
931 3486 1035 3545 soleat.

317 3595 351 3663 ¹⁹)
369 3591 478 3650 Nescio
498 3592 584 3649 auin
604 3591 739 3651 Caesaris
759 3591 906 3662 oratione,
927 3609 983 3664 qua
1001 3592 1121 3650 Lentuli
1140 3592 1342 3650 excusationes
1364 3593 1453 3649 inter-

279 3700 371 3773 pellat
392 3701 495 3771 1111,
516 3705 556 3770 5),
576 3717 631 3772 pro
650 3701 762 3758 verbis:
786 3700 939 3771 „tribunos
958 3701 1052 3773 plebis
1080 3702 1116 3757 in
1144 3718 1184 3759 ea
1211 3718 1249 3758 re
1277 3718 1313 3758 ex
1334 3701 1450 3759 civitate

280 3805 645 3877 expulsos“-legendum
674 3807 726 3864 sit:
757 3812 811 3880 „tn
842 3806 882 3878 pl.
911 3805 1052 3864 nefarie
1081 3795 1201 3864 ex'civ.
1232 3808 1397 3880 expuls0s“‚
1421 3808 1451 3860 ut

279 3913 446 3972 Lndovicns
478 3912 689 3971 Mendelssohn
722 3917 908 3988 sagacissime
936 3916 1063 3974 coniecit
1096 3916 1138 3987 (in
1171 3917 1274 3974 Museo
1307 3917 1449 3976 Rhenano

281 4021 362 4085 1881,
382 4036 412 4089 p.
433 4021 520 4090 303.).
543 4018 652 4077 Confer
671 4026 772 4078 notam
792 4025 836 4081 29.
