3196 4634
610 249 784 310 -27.„

96 404 214 459 tamen
237 394 339 458 iidem
370 386 484 457 omnes
513 396 645 474 praeter
675 390 867 473 Appianum
896 394 930 452 et
957 390 1174 453 Plutarchum
1203 408 1275 452 rem

96 505 148 566 ita
168 505 356 582 exponunt,
378 497 572 580 uidemur,
592 497 787 579 priusquam
807 497 938 559 infestis
961 495 1067 577 siguis
1086 497 1123 557 in
1141 495 1276 558 Italiam

97 609 388 693 proficisceretur,
410 606 512 668 etiam
532 623 585 667 res
605 604 753 685 proxime
774 603 980 666 tribunorum
1006 604 1116 685 fugam
1142 603 1176 665 in
1196 603 1276 666 urbe

97 720 213 797 gestas
236 718 397 795 oppertus
417 730 489 774 esse
508 710 676 774 videatur.
698 709 789 790 Quod
808 709 899 772 nullo
918 714 1015 790 pacto
1034 709 1109 773 fieri
1128 710 1276 792 potuisse

96 845 201 907 supra
226 823 412 886 docuimus.
439 818 475 889 Si
498 817 624 884 Caesar
648 837 684 882 re
708 837 791 881 vera
810 817 850 880 de
877 817 1083 881 tribunorum
1107 819 1185 900 fuga
1204 835 1275 879 cer·

96 933 164 995 tior
188 932 301 993 factus
325 933 414 991 esset
437 926 636 1007 Ravennae,
661 923 789 986 nullum
813 924 902 987 diam
926 926 1195 1006 praetermittere
1220 923 1274 986 de·

94 1040 182 1121 buit,
218 1037 302 1118 quin
332 1035 484 1097 inimicos
514 1051 591 1095 suos
620 1031 789 1094 celeritate
818 1037 1062 1112 praeventurus
1097 1050 1273 1113 oppressu-

97 1163 220 1225 rusque
232 1142 276 1223 ²⁶)
301 1143 337 1204 in
351 1141 485 1203 Italiam
501 1137 688 1201 invaderet.
705 1137 821 1219 Itaque
837 1138 1078 1218 complerique
1095 1140 1274 1220 scriptores

100 1253 188 1314 hano
215 1269 288 1313 rem
318 1248 418 1311 aliter
441 1246 633 1309 describant
661 1248 695 1307 et
727 1239 907 1306 Caesarem
936 1242 1120 1307 Ravennae
1149 1242 1275 1306 diutius

104 1363 292 1420 manentem
316 1355 454 1435 faciant,
479 1351 613 1416 omniuo
639 1355 826 1432 temporum
849 1349 999 1413 ordinem
1025 1350 1067 1413 ab
1091 1352 1133 1413 iis
1153 1350 1270 1433 depra-

104 1470 215 1526 vatum
240 1482 280 1524 ac
310 1463 524 1542 praepostere
549 1456 707 1520 traditum
735 1475 809 1519 esse
832 1472 962 1519 censeo.
994 1457 1110 1537 Neque
1140 1458 1277 1522 difficile

104 1576 151 1634 est
177 1569 223 1633 ad
255 1567 517 1648 intellegendum
546 1584 603 1628 eos
632 1564 676 1627 ad
704 1563 866 1629 eiusmodi
895 1583 1041 1627 errorem
1069 1585 1129 1647 per
1152 1566 1275 1648 impru-

98 1679 249 1743 dentiam
276 1695 350 1740 esse
370 1656 597 1754 inductos⁵eo‚
618 1672 705 1755 quod
723 1671 928 1753 singularum
952 1691 1065 1736 rerum
1087 1679 1276 1737 contextum

94 1788 246 1869 primum
272 1804 294 1846 a
316 1783 597 1864 Pompeianorum
620 1784 717 1862 parte
741 1780 776 1841 in
799 1780 881 1843 urbe
906 1784 1004 1862 atque
1025 1785 1122 1843 extra
1144 1782 1274 1864 urbem,

93 1892 222 1956 deinde
237 1893 274 1952 in
294 1888 452 1954 Caesaris
473 1888 661 1951 adversarii
680 1887 802 1950 castris
823 1892 992 1968 gestarum
1013 1888 1200 1952 dissolvere
1220 1909 1275 1952 ve·

94 2002 154 2063 riti
180 1999 299 2063 omnia
323 1997 507 2079 generatim
527 2001 560 2059 et
584 1995 774 2057 summatim
790 2001 822 2057 et
837 1996 992 2059 continua
1014 1996 1164 2059 oratione
1179 2017 1277 2078 quam

97 2108 244 2170 discissa
268 2123 435 2186 exponere
457 2103 646 2166 maluerunt
657 2099 711 2183 ²⁷).

147 2212 334 2281 &cundum
360 2230 412 2292 ea,
438 2229 523 2291 quae
552 2208 725 2290 Appianus
750 2198 909 2291 (11‚'35t,
936 2209 1135 2272 Plutarchus
1160 2208 1272 2292 (Caes.

100 2322 143 2383 32
178 2325 211 2383 et
237 2321 356 2399 Pomp.
391 2317 555 2399 θος-εἲ.
582 2315 701 2378 Zonar.
732 2314 778 2397 X,
810 2316 856 2398 7),
886 2316 1061 2384 Suetonius
1092 2315 1175 2397 (div.
1210 2318 1273 2380 Iul.

99 2428 250 2508 31-32)
271 2445 313 2488 ex
333 2424 525 2486 narratione
545 2422 656 2484 Asinii
675 2421 851 2505 Pollionis,
874 2423 930 2503 qui
944 2423 1034 2487 bello
1050 2424 1143 2486 civili
1160 2432 1276 2489 exorto

96 2537 171 2617 ipse
196 2535 234 2595 in
255 2528 415 2595 Caesaris
431 2531 551 2593 castris
571 2529 782 2609 versabatur,
805 2528 953 2612 tradunt,
971 2526 1097 2594 Caesar
1116 2534 1278 2598 Ravenna

92 2641 291 2723 complures
316 2637 525 2701 centuriones
549 2636 728 2699 Hortensio
748 2636 830 2699 duce
853 2654 928 2701 cum
951 2656 1052 2698 manu
1076 2638 1272 2703 fortissimo-

88 2769 171 2812 rum
197 2740 413 2825 militumlh,
435 2745 491 2824 qui
515 2761 556 2806 ne
581 2745 734 2804 cruentos
756 2741 913 2804 tumultus
938 2742 1137 2827 excitarent,
1158 2752 1277 2826 pacato

88 2889 316 2910 „pff-..-

127 2943 168 3010 t⁶)
189 2937 238 2996 Ea
257 2936 328 2994 belli
347 2934 471 3006 gerendi
489 2934 605 2992 ratione
625 2932 785 2991 Gaesarem
804 2949 871 2990 cum
890 2938 977 2991 antea
992 2935 1022 2990 in
1038 2934 1135 2993 Gallia
1149 2942 1211 2992 tum
1225 2936 1276 2993 illo

86 3054 237 3119 tempore
258 3059 340 3100 usum
360 3058 423 3100 esse
442 3047 523 3099 recte
542 3046 663 3098 monent
682 3041 857 3098 Plutarchus
878 3041 974 3108 (Caes.
990 3045 1039 3109 32;
1061 3043 1165 3115 Pomp.
1186 3046 1233 3108 60)
1249 3049 1278 3100 et

91 3152 256 3226 Appianus
274 3149 328 3219 (ΙΙ,
348 3151 398 3206 34:
419 3147 435 3201 ὁ
455 3144 486 3202 ct
506 3148 657 3218 Καῖσαρ...
679 3144 790 3218 χαίρων
811 3142 882 3202 δ’ἀεὶ
900 3127 1074 3220 ταχυεργίας
1093 3166 1124 3203 τε
1142 3146 1278 3218 ἐκπλήξει

91 3257 148 3315 καὶ
166 3253 256 3334 φόβῳ
276 3251 382 3322 τόλμης
404 3258 514 3322 μᾶλλον
533 3251 550 3324 ἢ
570 3261 759 3324 παρασκευῆς
776 3250 903 3324 δυνάμει,
924 3252 1071 3324 μετὰτῶν
1091 3277 1277 3329 πεντακισχι-

94 3364 168 3421 λίων
199 3361 277 3434 ἔγνω
308 3369 519 3433 προεπιχειρεῖν
548 3362 659 3438 τοσῷδε
686 3357 803 3439 πολέμῳ
824 3359 875 3416 καὶ
890 3360 1004 3433 φθάσαι
1026 3360 1063 3420 τὰ
1086 3362 1208 3437 εὔκαιρα
1227 3374 1278 3436 τῆς

96 3469 254 3542 Ἰταλίας).

137 3582 171 3651 ²⁷)
190 3579 275 3636 Haec
294 3576 420 3632 maxime
440 3576 477 3632 od
498 3575 656 3633 Gaesarem
675 3577 835 3649 pertinent,
856 3576 905 3647 qui
921 3576 1039 3633 omnino
1055 3578 1189 3636 veritatis
1208 3578 1277 3636 rati·

105 3702 159 3743 one
175 3702 282 3759 parum
301 3684 403 3741 habita
420 3689 570 3754 tamquam
590 3699 626 3739 ex
645 3683 705 3740 alto
726 3688 860 3756 spectans
876 3683 912 3741 de
932 3684 1075 3742 universis
1094 3687 1194 3756 rebus,
1219 3706 1278 3746 non

102 3791 142 3848 de
160 3791 282 3865 singulis
301 3800 425 3885 narrare
444 3789 597 3846 cousuevit
614 3789 741 3860 ideoque
770 3789 898 3861 saepius,
919 3795 951 3847 ut
969 3788 1047 3847 infra
1065 3791 1279 3852 demonstrabi-

96 3916 175 3969 mus,
195 3898 382 3981 temporibus
402 3903 484 3955 errat
502 3897 618 3969 (confer
637 3899 661 3966 Ι,
683 3902 726 3966 14,
748 3902 760 3954 1
781 3900 890 3966 euml,
911 3903 955 3968 10,
978 3906 1007 3968 13
1024 3901 1047 3967 Ι,
1068 3903 1111 3969 24,
1128 3905 1158 3970 1;
1179 3901 1275 3974 alias).

135 4010 172 4078 2⁸)
194 4004 281 4063 Hand
299 4005 360 4061 scio
383 4021 421 4061 an
440 4020 540 4062 eorum
559 4021 696 4062 numerus
716 4005 841 4077 explerit
854 4006 993 4064 cohortes
1013 4005 1139 4079 quinque
1153 4006 1202 4076 (of.
1219 4009 1278 4066 Eu·

91 4121 180 4185 trop.
201 4113 251 4177 Vl,
271 4116 305 4170 19
324 4117 354 4169 et
372 4127 447 4182 quae
466 4127 557 4183 supra
575 4115 659 4183 (nota
678 4115 724 4183 21)
744 4113 780 4169 de
799 4113 854 4171 hac
873 4130 907 4171 re
925 4115 1240 4185 commemoravimus).
