3196 4634
795 296 901 359 -12
928 336 968 345 .-

483 409 529 474 111
543 435 654 498 lpsum
675 423 749 516 ,ὑπ’
769 433 1093 525 1111τοῦγεγράφθοιι1
1113 449 1194 525 (non
1215 445 1474 533 ,γεγραφέναι“)

643 555 663 598 1
691 557 763 605 1111
792 545 912 630 iudico,
943 570 1091 633 nequae
1120 556 1286 617 sententia
1314 557 1474 638 ambigua

301 385 367 470 1111,
385 399 418 455 11
442 399 482 466 111

300 510 338 556 11
363 509 506 579 11111111
535 529 640 613 script

302 604 510 691 proderetur.

343 712 415 837 Ilm
440 746 470 848 81
493 749 699 839 quaerimus,
724 776 866 839 quonam
890 764 961 827 loco
985 761 1110 828 Caesar
1133 766 1194 828 illa
1213 768 1318 830 verba
1341 767 1473 833 Graece

301 840 483 924 sfflllssssrlt,
506 855 693 926 rectissime
708 864 903 933 Therbeeke
922 871 1123 952 respondere
1142 872 1225 934 mihi
1245 873 1390 947 videtur:
1415 877 1472 961 „in

304 951 368 996 uno
394 939 544 1065 alterove
569 974 807 1037 commentario
837 982 893 1039 aut
920 974 1098 1059 epistolal.
1133 983 1238 1059 Quam
1268 980 1474 1044 ThOrbesskfi

303 1054 503 1170 sententiam
528 1065 676 1140 Thouret
702 1080 825 1146 frustra
846 1086 1002 1149 refellere
1027 1091 1166 1148 conatus
1192 1092 1251 1149 est.
1283 1087 1372 1150 Nam
1397 1109 1473 1151 cum

302 1156 387 1221 1111111
412 1165 536 1261 obstat,
563 1187 733 1262 quominus
758 1187 951 1276 Caesarem,
977 1212 1074 1274 quem
1098 1194 1134 1255 in
1158 1194 1248 1259 bello
1277 1194 1373 1256 civili
1396 1216 1472 1278 per-

302 1268 424 1336 multas
449 1283 609 1363 epistolas
625 1301 657 1357 et
672 1297 789 1362 Latine
805 1304 850 1363 et'
860 1298 990 1364 Graece
1005 1303 1147 1383 scriptas
1173 1300 1214 1364 ad
1230 1302 1355 1365 amicos
1371 1309 1473 1385 atque

303 1377 345 1442 ad
370 1381 579 1461 adversarios
605 1421 680 1466 suos
703 1407 836 1471 misisse
858 1413 998 1492 constet,
1020 1410 1055 1471 in
1079 1429 1146 1470 una
1167 1409 1318 1473 alterave
1342 1408 1473 1475 Graece
1548 1446 1552 1455 ·

301 1490 427 1574 scripta
450 1508 507 1565 aut
529 1510 743 1588 praedicandi
767 1517 819 1577 sui
844 1522 901 1580 aut
923 1516 1089 1598 purgandi
1113 1535 1214 1578 causa
1237 1516 1321 1579 illud
1346 1516 1471 1580 dietum

301 1619 396 1663 suum
419 1623 493 1672 cum
517 1615 593 1679 aliis
617 1623 884 1686 communicasse
908 1624 1139 1686 existimemus
1154 1620 1207 1705 10),
1234 1627 1303 1684 tum
1331 1624 1471 1688 Asinius

300 1709 410 1775 Pollio
438 1715 730 1804 diligentissimum
760 1751 795 1794 se
824 1732 858 1793 in
891 1732 990 1794 rebus
1020 1731 1124 1812 gestis
1152 1729 1336 1793 scribendis
1371 1733 1472 1796 tuisse

300 1820 444 1886 ostendit
468 1848 517 1914 11,
544 1834 630 1913 quod
653 1836 688 1898 in
707 1839 857 1901 historiis
874 1840 956 1921 suis,
981 1857 1023 1901 ne
1044 1840 1084 1901 ab
1109 1839 1151 1900 iis
1171 1838 1395 1922 refelleretur,
1413 1842 1472 1921 qni

299 1946 343 1990 ex
356 1926 510 1999 Caesaris
524 1942 668 2021 epistola
688 1945 884 2027 colligerent
901 1947 1006 2009 verba
1026 1945 1088 2007 illa
1105 1947 1146 2009 ab
1163 1963 1202 2007 eo
1218 1942 1349 2008 Graece
1371 1949 1470 2010 emis·

305 2056 343 2099 sa
366 2057 448 2125 esse,
478 2052 593 2126 aperte
620 2051 785 2134 planeque
814 2053 899 2115 haec
927 2053 996 2114 fere
1032 2051 1184 2115 tradidit:
1218 2052 1331 2136 „Quod
1360 2059 1471 2117 autem

299 2152 387 2232 sunt,
412 2153 467 2233 qui
490 2154 584 2219 illam
608 2179 724 2223 rocem
748 2160 884 2240 Catina
910 2178 1062 2222 sermone
1082 2179 1103 2221 a
1125 2179 1179 2222 me
1203 2180 1304 2241 supra
1328 2181 1470 2225 comme·

297 2261 477 2340 moratam)
494 2283 513 2325 a
532 2262 678 2330 Caesare
695 2266 822 2333 Graece
836 2268 1086 2349 pronuntiatam
1107 2285 1175 2329 esse
1190 2271 1320 2347 putent:
1339 2266 1472 2332 Graece

298 2381 337 2425 11
360 2366 484 2449 scripta
509 2376 558 2433 est
583 2375 625 2436 ab
649 2393 702 2457 11,
723 2375 842 2440 Latine
862 2380 974 2437 autem
994 2374 1054 2436 illo
1075 2379 1223 2454 tempore
1243 2373 1379 2456 [dequo
1399 2377 1471 2457 agi-

296 2472 360 2552 tur,
386 2472 505 2539 idest:
533 2478 567 2538 in
592 2481 716 2561 eampis
739 2481 941 2560 Pharsaliis]
967 2476 1136 2558 1111111111).

295 2660 506 2674 κ

332 2779 366 2846 ¹⁰)
387 2777 494 2836 Nescio
513 2795 550 2836 an
570 2797 607 2837 ex
625 2780 675 2838 illa
694 2781 821 2852 epistola
835 2780 946 2838 dictum
962 2780 1099 2839 Caesaris
1116 2781 1258 2838 insertum
1273 2781 1311 2847 sit
1325 2780 1361 2837 iis
1372 2781 1471 2852 „volu-

293 2883 420 2942 minibus
447 2881 714 2958 samosateum,
735 2903 810 2961 quae
838 2904 856 2945 1
884 2887 1011 2945 Caesare
1040 2886 1173 2945 confecta
1201 2903 1266 2944 esse
1290 2887 1395 2955 Cicero
1416 2887 1470 2959 (ad

294 2990 363 3050 fam.
391 2995 440 3062 ΙΧ,
461 2998 504 3065 16,
525 2993 555 3069 4)
576 3000 606 3052 11
626 2996 785 3054 Suetonius
805 2995 875 3064 (div.
899 2996 951 3052 Iul.
981 2999 1028 3065 16)
1055 2995 1176 3052 tradunt
1205 3009 1338 3065 quaeque
1365 2998 1470 3065 postea

293 3100 440 3171 Augustus
469 3101 589 3170 veritus,
609 3118 646 3159 ne
674 3101 761 3158 nimis
780 3100 1012 3173 divulgarentur,
1035 3100 1181 3172 publicari
1199 3099 1294 3158 vetuit
1313 3097 1380 3173 (cfr.
1400 3102 1470 3157 Sue·

292 3209 355 3263 ton.
375 3208 394 3263 1.
416 3208 461 3279 1.).
484 3206 568 3279 Quod
587 3207 611 3264 si
630 3207 672 3264 ita
691 3206 754 3273 fuit,
775 3207 894 3265 Asinius
914 3208 1002 3265 etiam
1020 3207 1086 3279 plus
1104 3205 1219 3277 habuit,
1245 3204 1324 3277 quod
1350 3205 1469 3262 uberius

294 3315 330 3374 de
348 3316 408 3374 illis
428 3315 526 3374 verbis
546 3316 682 3374 Caesaris
701 3315 823 3373 diceret.

307 3476 312 3485 .
328 3428 362 3496 ¹¹)
381 3427 463 3483 Haec
481 3426 596 3483 intuens
616 3424 787 3497 intellegere
806 3440 933 3496 possum,
962 3440 1053 3495 quare
1079 3423 1234 3482 Suetonius
1254 3420 1324 3491 (div.
1348 3419 1402 3477 Iul.
1420 3421 1469 3490 30)

294 3532 431 3590 Caesaris
458 3532 565 3590 verba:
587 3532 669 3603 „Hoc
697 3530 868 3600 voluerunt;
888 3532 978 3589 tantis
1006 3531 1094 3587 rebus
1122 3528 1213 3602 gestis
1242 3528 1332 3587 Gaius
1357 3526 1468 3584 Caesar

293 3640 503 3697 condemnatus
522 3655 626 3710 essem,
641 3640 698 3696 nisi
717 3640 754 3696 ab
769 3639 901 3696 exercitu
919 3637 1058 3694 auxilium
1073 3636 1229 3707 petissere
1246 3651 1283 3692 ex
1305 3633 1401 3692 Asinii
1424 3630 1474 3689 hi·

293 3746 396 3804 storiis
416 3763 532 3804 sumens
552 3747 699 3805 addiderit
718 3747 761 3804 sie
779 3747 832 3804 illa
847 3747 906 3817 „ad
924 3746 1086 3803 verbum“
1100 3743 1292 3815 pronuntiata
1306 3760 1379 3801 esse.
1399 3744 1466 3803 Alio

293 3854 370 3911 enim
397 3853 463 3910 loeo
490 3855 570 3912 vocis
599 3854 637 3912 ad
663 3856 846 3914 Rubiconem
875 3871 892 3912 a
921 3853 1050 3912 Caesare
1074 3852 1171 3911 editae
1193 3851 1310 3919 (Asinio
1334 3857 1468 3924 auctore)

292 3966 471 4022 mentionem
491 3961 601 4022 faciens
622 3965 780 4024 Suetonius
798 3965 870 4023 satis
893 3964 982 4021 habet
1003 3965 1068 4019 dam
1087 3962 1118 4018 in
1138 3960 1276 4019 Latinum
1295 3977 1467 4019 conversam

294 4073 392 4143 („alea
406 4072 483 4129 iacta
498 4074 572 4141 est“>
586 4070 710 4143 referre,
727 4089 791 4130 eum
810 4071 940 4129 dubitari
953 4086 1013 4128 non
1026 4071 1132 4141 possit,
1149 4070 1219 4140 quin
1237 4067 1357 4125 Asinius
1371 4067 1466 4126 Pollio

1594 2678 1596 2777 l
