<?xml version="1.0" encoding="UTF-8"?>
<!DOCTYPE html PUBLIC "-//W3C//DTD XHTML 1.0 Transitional//EN"
    "http://www.w3.org/TR/xhtml1/DTD/xhtml1-transitional.dtd">
<html xmlns="http://www.w3.org/1999/xhtml" xml:lang="en" lang="en">
 <head>
  <title>
</title>
<meta http-equiv="Content-Type" content="text/html;charset=utf-8" />
  <meta name='ocr-system' content='tesseract 3.04.00' />
  <meta name='ocr-capabilities' content='ocr_page ocr_carea ocr_par ocr_line ocrx_word'/>
</head>
<body>
  <div class='ocr_page' id='page_1' title='image "./debellocivilica00basigoog_0066.png"; bbox 0 0 3196 4634; ppageno 0'>
   <div class='ocr_carea' id='block_1_1' title="bbox 613 258 782 320">
    <p class='ocr_par' dir='ltr' id='par_1_1' title="bbox 613 258 782 320">
     <span class='ocr_line' id='line_1_1' title="bbox 613 258 782 320; baseline 0 -17"><span class='ocrx_word' id='word_1_1' title='bbox 613 258 782 320; x_wconf 69' lang='lat'>..51-</span> 
     </span>
    </p>
   </div>
   <div class='ocr_carea' id='block_1_2' title="bbox 59 399 1280 3486">
    <p class='ocr_par' dir='ltr' id='par_1_2' title="bbox 66 399 1280 1449">
     <span class='ocr_line' id='line_1_2' title="bbox 66 399 1280 489; baseline 0.001 -26"><span class='ocrx_word' id='word_1_2' title='bbox 66 404 76 421; x_wconf 81' lang='grc'><em>“</em></span> <span class='ocrx_word' id='word_1_3' title='bbox 122 403 165 463; x_wconf 92' lang='lat' dir='ltr'>sin</span> <span class='ocrx_word' id='word_1_4' title='bbox 187 402 295 484; x_wconf 89' lang='lat' dir='ltr'>aliter,</span> <span class='ocrx_word' id='word_1_5' title='bbox 322 399 460 465; x_wconf 79' lang='lat' dir='ltr'><strong>Caesari</strong></span> <span class='ocrx_word' id='word_1_6' title='bbox 485 402 592 463; x_wconf 92' lang='lat' dir='ltr'>minor</span> <span class='ocrx_word' id='word_1_7' title='bbox 612 399 771 489; x_wconf 90' lang='lat' dir='ltr'>habenda</span> <span class='ocrx_word' id='word_1_8' title='bbox 791 406 879 463; x_wconf 89' lang='lat' dir='ltr'>esset</span> <span class='ocrx_word' id='word_1_9' title='bbox 900 400 978 463; x_wconf 86' lang='lat' dir='ltr'>fides</span> <span class='ocrx_word' id='word_1_10' title='bbox 998 419 1097 481; x_wconf 92' lang='lat' dir='ltr'>quarn</span> <span class='ocrx_word' id='word_1_11' title='bbox 1122 401 1280 482; x_wconf 89' lang='lat' dir='ltr'>Pompeio</span> 
     </span>
     <span class='ocr_line' id='line_1_3' title="bbox 121 505 1280 591; baseline -0.002 -20"><span class='ocrx_word' id='word_1_12' title='bbox 121 511 162 587; x_wconf 78' lang='lat' dir='ltr'>(et</span> <span class='ocrx_word' id='word_1_13' title='bbox 182 506 361 587; x_wconf 76' lang='lat' dir='ltr'>Ciceroni).</span> <span class='ocrx_word' id='word_1_14' title='bbox 380 508 485 569; x_wconf 85' lang='lat' dir='ltr'>—Ac</span> <span class='ocrx_word' id='word_1_15' title='bbox 510 505 634 570; x_wconf 86' lang='lat' dir='ltr'>Goeler</span> <span class='ocrx_word' id='word_1_16' title='bbox 658 506 790 589; x_wconf 90' lang='lat' dir='ltr'>quidem</span> <span class='ocrx_word' id='word_1_17' title='bbox 820 507 1087 591; x_wconf 80' lang='lat' dir='ltr'>(„Biirgerkrieg</span> <span class='ocrx_word' id='word_1_18' title='bbox 1111 509 1280 570; x_wconf 83' lang='lat' dir='ltr'>zwischen</span> 
     </span>
     <span class='ocr_line' id='line_1_4' title="bbox 117 612 1280 698; baseline -0.001 -20"><span class='ocrx_word' id='word_1_19' title='bbox 117 613 234 678; x_wconf 63' lang='lat' dir='ltr'>vCaesar</span> <span class='ocrx_word' id='word_1_20' title='bbox 261 616 330 678; x_wconf 95' lang='lat' dir='ltr'>und</span> <span class='ocrx_word' id='word_1_21' title='bbox 358 612 574 696; x_wconf 71' lang='lat' dir='ltr'>Pompeins“)</span> <span class='ocrx_word' id='word_1_22' title='bbox 601 615 766 678; x_wconf 87' lang='lat' dir='ltr'>rationem</span> <span class='ocrx_word' id='word_1_23' title='bbox 799 615 875 676; x_wconf 90' lang='lat' dir='ltr'>iniit</span> <span class='ocrx_word' id='word_1_24' title='bbox 908 613 1145 698; x_wconf 88' lang='lat' dir='ltr'>subduxitquc,</span> <span class='ocrx_word' id='word_1_25' title='bbox 1176 635 1280 697; x_wconf 90' lang='lat' dir='ltr'>neque</span> 
     </span>
     <span class='ocr_line' id='line_1_5' title="bbox 122 721 1277 807; baseline 0 -22"><span class='ocrx_word' id='word_1_26' title='bbox 122 729 220 786; x_wconf 90' lang='lat' dir='ltr'>tamen</span> <span class='ocrx_word' id='word_1_27' title='bbox 242 724 283 787; x_wconf 89' lang='lat' dir='ltr'>de</span> <span class='ocrx_word' id='word_1_28' title='bbox 307 743 345 787; x_wconf 91' lang='lat' dir='ltr'>re</span> <span class='ocrx_word' id='word_1_29' title='bbox 369 731 459 786; x_wconf 90' lang='lat' dir='ltr'>recte</span> <span class='ocrx_word' id='word_1_30' title='bbox 477 722 644 786; x_wconf 88' lang='lat' dir='ltr'>iudicasse</span> <span class='ocrx_word' id='word_1_31' title='bbox 664 723 746 784; x_wconf 91' lang='lat' dir='ltr'>mihi</span> <span class='ocrx_word' id='word_1_32' title='bbox 766 721 912 785; x_wconf 90' lang='lat' dir='ltr'>videtur.</span> <span class='ocrx_word' id='word_1_33' title='bbox 937 723 1138 807; x_wconf 62' lang='lat' dir='ltr'>,Domitiua</span> <span class='ocrx_word' id='word_1_34' title='bbox 1158 723 1277 805; x_wconf 89' lang='lat' dir='ltr'>inquit,</span> 
     </span>
     <span class='ocr_line' id='line_1_6' title="bbox 122 825 1278 911; baseline 0 -20"><span class='ocrx_word' id='word_1_35' title='bbox 122 832 263 894; x_wconf 82' lang='lat' dir='ltr'>hatte&#39;zu</span> <span class='ocrx_word' id='word_1_36' title='bbox 286 828 471 895; x_wconf 80' lang='lat' dir='ltr'>Corfinium</span> <span class='ocrx_word' id='word_1_37' title='bbox 496 833 607 893; x_wconf 82' lang='lat' dir='ltr'>zuerst</span> <span class='ocrx_word' id='word_1_38' title='bbox 626 849 689 890; x_wconf 89' lang='lat' dir='ltr'>nur</span> <span class='ocrx_word' id='word_1_39' title='bbox 713 829 755 890; x_wconf 98' lang='grc'>12</span> <span class='ocrx_word' id='word_1_40' title='bbox 778 826 947 891; x_wconf 79' lang='lat' dir='ltr'>Cohorten</span> <span class='ocrx_word' id='word_1_41' title='bbox 970 825 1057 907; x_wconf 82' lang='lat' dir='ltr'>(Cic.</span> <span class='ocrx_word' id='word_1_42' title='bbox 1080 831 1114 911; x_wconf 84' lang='lat'>8,</span> <span class='ocrx_word' id='word_1_43' title='bbox 1139 829 1200 908; x_wconf 84' lang='grc'>12)</span> <span class='ocrx_word' id='word_1_44' title='bbox 1215 834 1278 892; x_wconf 90' lang='lat' dir='ltr'>ste-</span> 
     </span>
     <span class='ocr_line' id='line_1_7' title="bbox 121 934 1280 1019; baseline 0 -22"><span class='ocrx_word' id='word_1_45' title='bbox 121 938 186 1019; x_wconf 87' lang='lat' dir='ltr'>ten,</span> <span class='ocrx_word' id='word_1_46' title='bbox 211 939 296 1001; x_wconf 92' lang='lat' dir='ltr'>nach</span> <span class='ocrx_word' id='word_1_47' title='bbox 321 938 410 1000; x_wconf 85' lang='lat' dir='ltr'>Alba</span> <span class='ocrx_word' id='word_1_48' title='bbox 429 937 509 999; x_wconf 90' lang='lat' dir='ltr'>aber</span> <span class='ocrx_word' id='word_1_49' title='bbox 532 956 591 998; x_wconf 91' lang='lat' dir='ltr'>aus</span> <span class='ocrx_word' id='word_1_50' title='bbox 612 935 676 998; x_wconf 89' lang='lat' dir='ltr'>den</span> <span class='ocrx_word' id='word_1_51' title='bbox 700 934 862 999; x_wconf 85' lang='lat' dir='ltr'>Gebieten</span> <span class='ocrx_word' id='word_1_52' title='bbox 882 934 940 998; x_wconf 91' lang='lat' dir='ltr'>der</span> <span class='ocrx_word' id='word_1_53' title='bbox 960 936 1101 1018; x_wconf 91' lang='lat' dir='ltr'>Marser,</span> <span class='ocrx_word' id='word_1_54' title='bbox 1122 935 1280 1017; x_wconf 80' lang='lat' dir='ltr'>Peligner</span> 
     </span>
     <span class='ocr_line' id='line_1_8' title="bbox 122 1040 1279 1125; baseline -0.001 -18"><span class='ocrx_word' id='word_1_55' title='bbox 122 1050 174 1108; x_wconf 89' lang='lat' dir='ltr'>etc.</span> <span class='ocrx_word' id='word_1_56' title='bbox 197 1046 239 1108; x_wconf 87' lang='grc'>19</span> <span class='ocrx_word' id='word_1_57' title='bbox 259 1044 425 1110; x_wconf 83' lang='lat' dir='ltr'>Oolrorten</span> <span class='ocrx_word' id='word_1_58' title='bbox 446 1063 793 1125; x_wconf 78' lang='lat' dir='ltr'>zusammengezogen.</span> <span class='ocrx_word' id='word_1_59' title='bbox 816 1044 890 1106; x_wconf 91' lang='lat' dir='ltr'>Von</span> <span class='ocrx_word' id='word_1_60' title='bbox 909 1042 1025 1106; x_wconf 88' lang='lat' dir='ltr'>diesen</span> <span class='ocrx_word' id='word_1_61' title='bbox 1048 1043 1092 1104; x_wconf 77' lang='lat'>19</span> <span class='ocrx_word' id='word_1_62' title='bbox 1112 1040 1279 1106; x_wconf 80' lang='lat' dir='ltr'>Cohorten</span> 
     </span>
     <span class='ocr_line' id='line_1_9' title="bbox 122 1148 1276 1233; baseline 0.001 -19"><span class='ocrx_word' id='word_1_63' title='bbox 122 1154 201 1217; x_wconf 90' lang='lat' dir='ltr'>hatte</span> <span class='ocrx_word' id='word_1_64' title='bbox 220 1173 255 1217; x_wconf 93' lang='lat' dir='ltr'>er</span> <span class='ocrx_word' id='word_1_65' title='bbox 270 1153 398 1218; x_wconf 92' lang='lat' dir='ltr'>sodann</span> <span class='ocrx_word' id='word_1_66' title='bbox 418 1156 438 1215; x_wconf 84' lang='grc'><strong>6</strong></span> <span class='ocrx_word' id='word_1_67' title='bbox 454 1174 494 1214; x_wconf 82' lang='lat' dir='ltr'>zu</span> <span class='ocrx_word' id='word_1_68' title='bbox 510 1153 599 1215; x_wconf 82' lang='lat' dir='ltr'>Alba</span> <span class='ocrx_word' id='word_1_69' title='bbox 617 1152 772 1233; x_wconf 82' lang='lat' dir='ltr'>gelassen</span> <span class='ocrx_word' id='word_1_70' title='bbox 788 1153 899 1233; x_wconf 82' lang='lat' dir='ltr'>(unter</span> <span class='ocrx_word' id='word_1_71' title='bbox 914 1151 1159 1214; x_wconf 86' lang='lat' dir='ltr'>Manlius—of.</span> <span class='ocrx_word' id='word_1_72' title='bbox 1177 1148 1276 1215; x_wconf 81' lang='lat' dir='ltr'>Caes.</span> 
     </span>
     <span class='ocr_line' id='line_1_10' title="bbox 121 1257 1276 1343; baseline 0.003 -24"><span class='ocrx_word' id='word_1_73' title='bbox 121 1258 144 1341; x_wconf 93' lang='lat' dir='ltr'>l,</span> <span class='ocrx_word' id='word_1_74' title='bbox 165 1261 216 1343; x_wconf 88' lang='grc'>24,</span> <span class='ocrx_word' id='word_1_75' title='bbox 242 1262 287 1343; x_wconf 81' lang='lat'>3),</span> <span class='ocrx_word' id='word_1_76' title='bbox 316 1261 334 1321; x_wconf 78' lang='lat'><strong>7</strong></span> <span class='ocrx_word' id='word_1_77' title='bbox 359 1261 444 1322; x_wconf 88' lang='lat' dir='ltr'>nach</span> <span class='ocrx_word' id='word_1_78' title='bbox 475 1259 589 1321; x_wconf 88' lang='lat' dir='ltr'>Sulmo</span> <span class='ocrx_word' id='word_1_79' title='bbox 617 1259 748 1339; x_wconf 82' lang='lat' dir='ltr'>verlcgt</span> <span class='ocrx_word' id='word_1_80' title='bbox 782 1261 892 1336; x_wconf 75' lang='lat' dir='ltr'>(nnter</span> <span class='ocrx_word' id='word_1_81' title='bbox 926 1257 1146 1321; x_wconf 81' lang='lat' dir='ltr'>Attius—cl.</span> <span class='ocrx_word' id='word_1_82' title='bbox 1178 1257 1276 1323; x_wconf 79' lang='lat' dir='ltr'>Caes.</span> 
     </span>
     <span class='ocr_line' id='line_1_11' title="bbox 122 1362 947 1449; baseline 0.001 -23"><span class='ocrx_word' id='word_1_83' title='bbox 122 1364 144 1446; x_wconf 88' lang='lat' dir='ltr'>I,</span> <span class='ocrx_word' id='word_1_84' title='bbox 167 1367 218 1449; x_wconf 83' lang='lat'>18,</span> <span class='ocrx_word' id='word_1_85' title='bbox 244 1368 292 1448; x_wconf 76' lang='lat'>1),</span> <span class='ocrx_word' id='word_1_86' title='bbox 319 1370 339 1429; x_wconf 87' lang='grc'><strong>6</strong></span> <span class='ocrx_word' id='word_1_87' title='bbox 366 1367 445 1429; x_wconf 93' lang='lat' dir='ltr'>aber</span> <span class='ocrx_word' id='word_1_88' title='bbox 469 1366 555 1428; x_wconf 91' lang='lat' dir='ltr'>nach</span> <span class='ocrx_word' id='word_1_89' title='bbox 580 1362 765 1429; x_wconf 81' lang='lat' dir='ltr'>Corfinium</span> <span class='ocrx_word' id='word_1_90' title='bbox 789 1384 947 1446; x_wconf 81' lang='lat' dir='ltr'>gezogen.</span> 
     </span>
    </p>

    <p class='ocr_par' dir='ltr' id='par_1_3' title="bbox 122 1471 1278 1769">
     <span class='ocr_line' id='line_1_12' title="bbox 157 1471 1277 1552; baseline 0.001 -17"><span class='ocrx_word' id='word_1_91' title='bbox 157 1475 211 1536; x_wconf 91' lang='lat' dir='ltr'>Bei</span> <span class='ocrx_word' id='word_1_92' title='bbox 234 1474 415 1538; x_wconf 83' lang='lat' dir='ltr'>Corfinium</span> <span class='ocrx_word' id='word_1_93' title='bbox 441 1493 556 1535; x_wconf 82' lang='lat' dir='ltr'><strong>waren</strong></span> <span class='ocrx_word' id='word_1_94' title='bbox 581 1472 686 1536; x_wconf 92' lang='lat' dir='ltr'>daher</span> <span class='ocrx_word' id='word_1_95' title='bbox 711 1473 885 1552; x_wconf 82' lang='lat' dir='ltr'>vereinigt:</span> <span class='ocrx_word' id='word_1_96' title='bbox 912 1471 1130 1542; x_wconf 83' lang='lat' dir='ltr'>12÷o=18</span> <span class='ocrx_word' id='word_1_97' title='bbox 1155 1471 1277 1538; x_wconf 82' lang='lat' dir='ltr'>Cohor-</span> 
     </span>
     <span class='ocr_line' id='line_1_13' title="bbox 124 1578 1278 1664; baseline 0.002 -22"><span class='ocrx_word' id='word_1_98' title='bbox 124 1588 179 1664; x_wconf 74' lang='lat' dir='ltr'>ten,</span> <span class='ocrx_word' id='word_1_99' title='bbox 202 1585 287 1655; x_wconf 63' lang='lat'>413</span> <span class='ocrx_word' id='word_1_100' title='bbox 313 1580 477 1646; x_wconf 87' lang='lat' dir='ltr'>Cohorten</span> <span class='ocrx_word' id='word_1_101' title='bbox 503 1581 560 1644; x_wconf 88' lang='lat' dir='ltr'>des</span> <span class='ocrx_word' id='word_1_102' title='bbox 586 1581 756 1643; x_wconf 89' lang='lat' dir='ltr'>Vibullius</span> <span class='ocrx_word' id='word_1_103' title='bbox 781 1578 894 1660; x_wconf 81' lang='lat' dir='ltr'>[Caes.</span> <span class='ocrx_word' id='word_1_104' title='bbox 925 1581 952 1663; x_wconf 92' lang='grc' dir='ltr'>Ι,</span> <span class='ocrx_word' id='word_1_105' title='bbox 979 1582 1035 1663; x_wconf 84' lang='grc'>15,</span> <span class='ocrx_word' id='word_1_106' title='bbox 1063 1583 1110 1662; x_wconf 84' lang='grc'>5],</span> <span class='ocrx_word' id='word_1_107' title='bbox 1138 1582 1209 1644; x_wconf 91' lang='lat' dir='ltr'>also</span> <span class='ocrx_word' id='word_1_108' title='bbox 1232 1584 1278 1643; x_wconf 90' lang='lat' dir='ltr'>irn</span> 
     </span>
     <span class='ocr_line' id='line_1_14' title="bbox 122 1684 1038 1769; baseline -0.002 -17"><span class='ocrx_word' id='word_1_109' title='bbox 122 1687 242 1754; x_wconf 81' lang='lat' dir='ltr'>Ganzcn</span> <span class='ocrx_word' id='word_1_110' title='bbox 266 1684 309 1753; x_wconf 84' lang='grc'>31</span> <span class='ocrx_word' id='word_1_111' title='bbox 335 1688 502 1754; x_wconf 83' lang='lat' dir='ltr'>Cohortcn</span> <span class='ocrx_word' id='word_1_112' title='bbox 527 1687 607 1752; x_wconf 90' lang='lat' dir='ltr'>oder</span> <span class='ocrx_word' id='word_1_113' title='bbox 630 1687 716 1750; x_wconf 91' lang='lat' dir='ltr'>rund</span> <span class='ocrx_word' id='word_1_114' title='bbox 739 1687 811 1751; x_wconf 92' lang='lat' dir='ltr'>drei</span> <span class='ocrx_word' id='word_1_115' title='bbox 835 1685 1038 1769; x_wconf 61' lang='lat' dir='ltr'>Legionem.</span> 
     </span>
    </p>

    <p class='ocr_par' dir='ltr' id='par_1_4' title="bbox 60 1792 1279 2949">
     <span class='ocr_line' id='line_1_15' title="bbox 158 1792 1279 1879; baseline -0.001 -20"><span class='ocrx_word' id='word_1_116' title='bbox 158 1795 243 1878; x_wconf 77' lang='lat' dir='ltr'>Quae</span> <span class='ocrx_word' id='word_1_117' title='bbox 267 1799 367 1878; x_wconf 90' lang='lat' dir='ltr'>ratio,</span> <span class='ocrx_word' id='word_1_118' title='bbox 394 1796 457 1859; x_wconf 89' lang='lat' dir='ltr'>etsi</span> <span class='ocrx_word' id='word_1_119' title='bbox 481 1815 555 1858; x_wconf 89' lang='lat' dir='ltr'>cunr</span> <span class='ocrx_word' id='word_1_120' title='bbox 580 1796 633 1876; x_wconf 88' lang='lat' dir='ltr'>iis,</span> <span class='ocrx_word' id='word_1_121' title='bbox 662 1814 745 1875; x_wconf 88' lang='lat' dir='ltr'>quae</span> <span class='ocrx_word' id='word_1_122' title='bbox 770 1815 789 1856; x_wconf 95' lang='lat' dir='ltr'>a</span> <span class='ocrx_word' id='word_1_123' title='bbox 815 1792 960 1858; x_wconf 84' lang='lat' dir='ltr'><strong>Caesare</strong></span> <span class='ocrx_word' id='word_1_124' title='bbox 983 1795 1027 1878; x_wconf 80' lang='lat' dir='ltr'>(I,</span> <span class='ocrx_word' id='word_1_125' title='bbox 1053 1795 1109 1879; x_wconf 75' lang='lat'>17,</span> <span class='ocrx_word' id='word_1_126' title='bbox 1141 1798 1178 1875; x_wconf 87' lang='grc'>2)</span> <span class='ocrx_word' id='word_1_127' title='bbox 1202 1801 1235 1859; x_wconf 91' lang='lat' dir='ltr'>et</span> <span class='ocrx_word' id='word_1_128' title='bbox 1259 1816 1279 1858; x_wconf 90' lang='lat' dir='ltr'>a</span> 
     </span>
     <span class='ocr_line' id='line_1_16' title="bbox 124 1899 1277 1986; baseline 0.001 -21"><span class='ocrx_word' id='word_1_129' title='bbox 124 1899 265 1968; x_wconf 78' lang='lat' dir='ltr'>Cicerone</span> <span class='ocrx_word' id='word_1_130' title='bbox 288 1904 349 1984; x_wconf 85' lang='lat' dir='ltr'>(ad</span> <span class='ocrx_word' id='word_1_131' title='bbox 373 1905 443 1966; x_wconf 82' lang='lat' dir='ltr'>Att.</span> <span class='ocrx_word' id='word_1_132' title='bbox 466 1903 560 1985; x_wconf 93' lang='lat' dir='ltr'>VIII,</span> <span class='ocrx_word' id='word_1_133' title='bbox 587 1904 618 1984; x_wconf 84' lang='lat'>7,</span> <span class='ocrx_word' id='word_1_134' title='bbox 644 1903 682 1981; x_wconf 75' lang='lat'>1)</span> <span class='ocrx_word' id='word_1_135' title='bbox 702 1903 890 1984; x_wconf 87' lang='lat' dir='ltr'>traduntur,</span> <span class='ocrx_word' id='word_1_136' title='bbox 917 1903 1015 1983; x_wconf 88' lang='lat' dir='ltr'>plane</span> <span class='ocrx_word' id='word_1_137' title='bbox 1034 1905 1211 1986; x_wconf 75' lang='lat' dir='ltr'>consentit,</span> <span class='ocrx_word' id='word_1_138' title='bbox 1230 1909 1277 1966; x_wconf 90' lang='lat' dir='ltr'>ta-</span> 
     </span>
     <span class='ocr_line' id='line_1_17' title="bbox 124 2008 1278 2100; baseline 0 -27"><span class='ocrx_word' id='word_1_139' title='bbox 124 2029 183 2074; x_wconf 88' lang='lat' dir='ltr'>nen</span> <span class='ocrx_word' id='word_1_140' title='bbox 204 2012 374 2100; x_wconf 82' lang='lat' dir='ltr'>reicienda</span> <span class='ocrx_word' id='word_1_141' title='bbox 398 2017 448 2074; x_wconf 89' lang='lat' dir='ltr'>est</span> <span class='ocrx_word' id='word_1_142' title='bbox 471 2015 660 2093; x_wconf 89' lang='lat' dir='ltr'>propterea,</span> <span class='ocrx_word' id='word_1_143' title='bbox 687 2009 783 2092; x_wconf 88' lang='lat' dir='ltr'>qnod,</span> <span class='ocrx_word' id='word_1_144' title='bbox 811 2031 884 2072; x_wconf 89' lang='lat' dir='ltr'>cum</span> <span class='ocrx_word' id='word_1_145' title='bbox 913 2011 1089 2091; x_wconf 88' lang='lat' dir='ltr'>Pompeius</span> <span class='ocrx_word' id='word_1_146' title='bbox 1120 2008 1207 2089; x_wconf 82' lang='lat' dir='ltr'>(Cic.</span> <span class='ocrx_word' id='word_1_147' title='bbox 1235 2011 1278 2073; x_wconf 90' lang='lat' dir='ltr'>ad</span> 
     </span>
     <span class='ocr_line' id='line_1_18' title="bbox 127 2117 1278 2201; baseline 0.002 -23"><span class='ocrx_word' id='word_1_148' title='bbox 127 2117 178 2181; x_wconf 82' lang='lat' dir='ltr'>lc.</span> <span class='ocrx_word' id='word_1_149' title='bbox 212 2120 304 2201; x_wconf 91' lang='lat' dir='ltr'>VIII,</span> <span class='ocrx_word' id='word_1_150' title='bbox 339 2118 380 2180; x_wconf 89' lang='lat'>11</span> <span class='ocrx_word' id='word_1_151' title='bbox 415 2118 567 2181; x_wconf 82' lang='lat' dir='ltr'>A.-cf.</span> <span class='ocrx_word' id='word_1_152' title='bbox 604 2117 697 2198; x_wconf 86' lang='lat' dir='ltr'>VIII,</span> <span class='ocrx_word' id='word_1_153' title='bbox 733 2117 776 2178; x_wconf 85' lang='lat'>12</span> <span class='ocrx_word' id='word_1_154' title='bbox 810 2118 852 2197; x_wconf 84' lang='grc' dir='ltr'>Α,</span> <span class='ocrx_word' id='word_1_155' title='bbox 888 2117 924 2195; x_wconf 86' lang='grc'>1)</span> <span class='ocrx_word' id='word_1_156' title='bbox 958 2118 1152 2198; x_wconf 87' lang='lat' dir='ltr'>planissime</span> <span class='ocrx_word' id='word_1_157' title='bbox 1185 2118 1278 2180; x_wconf 87' lang='lat' dir='ltr'>dicat</span> 
     </span>
     <span class='ocr_line' id='line_1_19' title="bbox 127 2223 1278 2303; baseline 0.003 -21"><span class='ocrx_word' id='word_1_158' title='bbox 127 2240 156 2283; x_wconf 87' lang='lat' dir='ltr'>er</span> <span class='ocrx_word' id='word_1_159' title='bbox 174 2226 307 2287; x_wconf 88' lang='lat' dir='ltr'>illarum</span> <span class='ocrx_word' id='word_1_160' title='bbox 337 2225 526 2287; x_wconf 78' lang='lat' dir='ltr'><strong>cohortium</strong></span> <span class='ocrx_word' id='word_1_161' title='bbox 554 2223 637 2284; x_wconf 87' lang='lat' dir='ltr'>XIX</span> <span class='ocrx_word' id='word_1_162' title='bbox 665 2242 803 2285; x_wconf 88' lang='lat' dir='ltr'>numero</span> <span class='ocrx_word' id='word_1_163' title='bbox 837 2223 1100 2303; x_wconf 89' lang='lat' dir='ltr'>quattuordecim</span> <span class='ocrx_word' id='word_1_164' title='bbox 1130 2224 1278 2286; x_wconf 75' lang='lat' dir='ltr'>DomItio</span> 
     </span>
     <span class='ocr_line' id='line_1_20' title="bbox 125 2328 1276 2409; baseline 0 -18"><span class='ocrx_word' id='word_1_165' title='bbox 125 2328 264 2394; x_wconf 82' lang='lat' dir='ltr'>adductas</span> <span class='ocrx_word' id='word_1_166' title='bbox 285 2350 394 2394; x_wconf 91' lang='lat' dir='ltr'>essea</span> <span class='ocrx_word' id='word_1_167' title='bbox 414 2330 578 2408; x_wconf 90' lang='lat' dir='ltr'>Vibullio,</span> <span class='ocrx_word' id='word_1_168' title='bbox 595 2328 719 2394; x_wconf 83' lang='lat' dir='ltr'>Goeler</span> <span class='ocrx_word' id='word_1_169' title='bbox 743 2330 856 2409; x_wconf 90' lang='lat' dir='ltr'>copias</span> <span class='ocrx_word' id='word_1_170' title='bbox 874 2329 1017 2392; x_wconf 92' lang='lat' dir='ltr'>Vibullii</span> <span class='ocrx_word' id='word_1_171' title='bbox 1032 2329 1276 2409; x_wconf 83' lang='lat' dir='ltr'>(-secundum</span> 
     </span>
     <span class='ocr_line' id='line_1_21' title="bbox 124 2422 1275 2521; baseline 0.003 -25"><span class='ocrx_word' id='word_1_172' title='bbox 124 2422 206 2499; x_wconf 79' lang='lat' dir='ltr'>Ca‘es.</span> <span class='ocrx_word' id='word_1_173' title='bbox 230 2439 257 2515; x_wconf 82' lang='grc' dir='ltr'>Ι,</span> <span class='ocrx_word' id='word_1_174' title='bbox 278 2439 334 2521; x_wconf 87' lang='grc'>15,</span> <span class='ocrx_word' id='word_1_175' title='bbox 352 2442 384 2501; x_wconf 82' lang='grc'>5;</span> <span class='ocrx_word' id='word_1_176' title='bbox 408 2436 566 2500; x_wconf 88' lang='lat' dir='ltr'>tredecim</span> <span class='ocrx_word' id='word_1_177' title='bbox 591 2438 804 2515; x_wconf 66' lang='lat' dir='ltr'>cohortes-J</span> <span class='ocrx_word' id='word_1_178' title='bbox 819 2441 1016 2499; x_wconf 81' lang='lat' dir='ltr'>annumerat</span> <span class='ocrx_word' id='word_1_179' title='bbox 1040 2437 1109 2498; x_wconf 92' lang='lat' dir='ltr'>illis</span> <span class='ocrx_word' id='word_1_180' title='bbox 1124 2437 1208 2499; x_wconf 88' lang='lat' dir='ltr'>XIX</span> <span class='ocrx_word' id='word_1_181' title='bbox 1223 2457 1275 2500; x_wconf 90' lang='lat' dir='ltr'>oo-</span> 
     </span>
     <span class='ocr_line' id='line_1_22' title="bbox 124 2541 1276 2627; baseline 0.004 -25"><span class='ocrx_word' id='word_1_182' title='bbox 124 2541 257 2607; x_wconf 91' lang='lat' dir='ltr'>hortibus</span> <span class='ocrx_word' id='word_1_183' title='bbox 285 2548 397 2627; x_wconf 88' lang='lat' dir='ltr'>itaque</span> <span class='ocrx_word' id='word_1_184' title='bbox 421 2564 479 2607; x_wconf 88' lang='lat' dir='ltr'>cas</span> <span class='ocrx_word' id='word_1_185' title='bbox 504 2546 554 2608; x_wconf 91' lang='lat' dir='ltr'>bis</span> <span class='ocrx_word' id='word_1_186' title='bbox 584 2546 618 2606; x_wconf 93' lang='lat' dir='ltr'>in</span> <span class='ocrx_word' id='word_1_187' title='bbox 643 2545 807 2607; x_wconf 90' lang='lat' dir='ltr'>rationem</span> <span class='ocrx_word' id='word_1_188' title='bbox 836 2543 977 2606; x_wconf 92' lang='lat' dir='ltr'>inducit.</span> <span class='ocrx_word' id='word_1_189' title='bbox 1009 2544 1125 2626; x_wconf 88' lang='lat' dir='ltr'>Neque</span> <span class='ocrx_word' id='word_1_190' title='bbox 1154 2544 1276 2609; x_wconf 83' lang='lat' dir='ltr'>Goeler</span> 
     </span>
     <span class='ocr_line' id='line_1_23' title="bbox 122 2649 1274 2734; baseline 0.007 -27"><span class='ocrx_word' id='word_1_191' title='bbox 122 2649 150 2710; x_wconf 92' lang='lat' dir='ltr'>in</span> <span class='ocrx_word' id='word_1_192' title='bbox 169 2670 202 2714; x_wconf 92' lang='lat' dir='ltr'>eo</span> <span class='ocrx_word' id='word_1_193' title='bbox 220 2652 396 2716; x_wconf 86' lang='lat' dir='ltr'>offendisse</span> <span class='ocrx_word' id='word_1_194' title='bbox 420 2651 565 2734; x_wconf 83' lang='lat' dir='ltr'>videtur,</span> <span class='ocrx_word' id='word_1_195' title='bbox 591 2651 678 2734; x_wconf 89' lang='lat' dir='ltr'>quod</span> <span class='ocrx_word' id='word_1_196' title='bbox 702 2652 882 2732; x_wconf 91' lang='lat' dir='ltr'>Pompeius</span> <span class='ocrx_word' id='word_1_197' title='bbox 907 2651 1051 2713; x_wconf 92' lang='lat' dir='ltr'>Vibullii</span> <span class='ocrx_word' id='word_1_198' title='bbox 1080 2653 1274 2715; x_wconf 81' lang='lat' dir='ltr'>cohortibus</span> 
     </span>
     <span class='ocr_line' id='line_1_24' title="bbox 123 2755 1274 2838; baseline 0.004 -22"><span class='ocrx_word' id='word_1_199' title='bbox 123 2755 217 2837; x_wconf 78' lang='lat' dir='ltr'>(XIV)</span> <span class='ocrx_word' id='word_1_200' title='bbox 240 2765 272 2823; x_wconf 89' lang='lat' dir='ltr'>et</span> <span class='ocrx_word' id='word_1_201' title='bbox 295 2760 390 2821; x_wconf 92' lang='lat' dir='ltr'>Hirri</span> <span class='ocrx_word' id='word_1_202' title='bbox 414 2761 478 2838; x_wconf 75' lang='lat' dir='ltr'>(V)</span> <span class='ocrx_word' id='word_1_203' title='bbox 502 2760 685 2821; x_wconf 88' lang='lat' dir='ltr'>coniunctis</span> <span class='ocrx_word' id='word_1_204' title='bbox 722 2757 930 2838; x_wconf 79' lang='lat' dir='ltr'>undeviginti</span> <span class='ocrx_word' id='word_1_205' title='bbox 959 2759 1115 2821; x_wconf 78' lang='lat' dir='ltr'>cohortes</span> <span class='ocrx_word' id='word_1_206' title='bbox 1140 2759 1274 2822; x_wconf 82' lang='lat' dir='ltr'>effectas</span> 
     </span>
     <span class='ocr_line' id='line_1_25' title="bbox 60 2865 1126 2949; baseline 0.005 -26"><span class='ocrx_word' id='word_1_207' title='bbox 60 2870 61 2883; x_wconf 65' lang='lat'>¹</span> <span class='ocrx_word' id='word_1_208' title='bbox 123 2881 191 2927; x_wconf 84' lang='lat' dir='ltr'>esse·</span> <span class='ocrx_word' id='word_1_209' title='bbox 206 2866 298 2949; x_wconf 90' lang='lat' dir='ltr'>dicit,</span> <span class='ocrx_word' id='word_1_210' title='bbox 326 2865 455 2930; x_wconf 81' lang='lat' dir='ltr'>Caesar</span> <span class='ocrx_word' id='word_1_211' title='bbox 480 2871 590 2929; x_wconf 91' lang='lat' dir='ltr'>autem</span> <span class='ocrx_word' id='word_1_212' title='bbox 616 2886 673 2929; x_wconf 88' lang='lat' dir='ltr'>eas</span> <span class='ocrx_word' id='word_1_213' title='bbox 699 2865 858 2928; x_wconf 86' lang='lat' dir='ltr'>tredecim</span> <span class='ocrx_word' id='word_1_214' title='bbox 883 2867 986 2928; x_wconf 85' lang='lat' dir='ltr'>fuisse</span> <span class='ocrx_word' id='word_1_215' title='bbox 1012 2866 1126 2928; x_wconf 83' lang='lat' dir='ltr'>tradit.</span> 
     </span>
    </p>

    <p class='ocr_par' dir='ltr' id='par_1_5' title="bbox 60 2969 1103 3057">
     <span class='ocr_line' id='line_1_26' title="bbox 60 2969 1103 3057; baseline 0.004 -26"><span class='ocrx_word' id='word_1_216' title='bbox 60 2986 62 3057; x_wconf 36' lang='grc' dir='ltr'>ζ</span> <span class='ocrx_word' id='word_1_217' title='bbox 158 2969 263 3053; x_wconf 88' lang='lat' dir='ltr'>ltaque</span> <span class='ocrx_word' id='word_1_218' title='bbox 286 2975 371 3035; x_wconf 91' lang='lat' dir='ltr'>hanc</span> <span class='ocrx_word' id='word_1_219' title='bbox 400 2977 528 3035; x_wconf 89' lang='lat' dir='ltr'>tantum</span> <span class='ocrx_word' id='word_1_220' title='bbox 552 2974 718 3035; x_wconf 90' lang='lat' dir='ltr'>rationem</span> <span class='ocrx_word' id='word_1_221' title='bbox 743 2991 859 3034; x_wconf 87' lang='lat' dir='ltr'>veram</span> <span class='ocrx_word' id='word_1_222' title='bbox 884 2991 957 3034; x_wconf 88' lang='lat' dir='ltr'>esse</span> <span class='ocrx_word' id='word_1_223' title='bbox 980 2972 1103 3035; x_wconf 92' lang='lat' dir='ltr'>iudico:</span> 
     </span>
    </p>

    <p class='ocr_par' dir='ltr' id='par_1_6' title="bbox 59 3066 1274 3486">
     <span class='ocr_line' id='line_1_27' title="bbox 158 3078 1273 3164; baseline 0.004 -23.592"><span class='ocrx_word' id='word_1_224' title='bbox 158 3078 305 3144; x_wconf 84' lang='lat' dir='ltr'>Lentulus</span> <span class='ocrx_word' id='word_1_225' title='bbox 326 3081 494 3164; x_wconf 85' lang='lat' dir='ltr'>Spinther,</span> <span class='ocrx_word' id='word_1_226' title='bbox 522 3101 597 3142; x_wconf 91' lang='lat' dir='ltr'>cum</span> <span class='ocrx_word' id='word_1_227' title='bbox 621 3079 779 3144; x_wconf 80' lang='lat' dir='ltr'>Caesaris</span> <span class='ocrx_word' id='word_1_228' title='bbox 801 3080 946 3143; x_wconf 87' lang='lat' dir='ltr'>adventu</span> <span class='ocrx_word' id='word_1_229' title='bbox 965 3082 1099 3161; x_wconf 84' lang='lat' dir='ltr'>cognito</span> <span class='ocrx_word' id='word_1_230' title='bbox 1118 3102 1194 3142; x_wconf 88' lang='lat' dir='ltr'>curn</span> <span class='ocrx_word' id='word_1_231' title='bbox 1218 3080 1273 3145; x_wconf 92' lang='lat' dir='ltr'>de-</span> 
     </span>
     <span class='ocr_line' id='line_1_28' title="bbox 59 3189 1274 3270; baseline 0.004 -24"><span class='ocrx_word' id='word_1_232' title='bbox 59 3216 60 3219; x_wconf 37' lang='lat'><em>*</em></span> <span class='ocrx_word' id='word_1_233' title='bbox 124 3204 182 3248; x_wconf 88' lang='lat' dir='ltr'>cern</span> <span class='ocrx_word' id='word_1_234' title='bbox 204 3190 390 3252; x_wconf 89' lang='lat' dir='ltr'>cohortibus</span> <span class='ocrx_word' id='word_1_235' title='bbox 420 3189 545 3251; x_wconf 89' lang='lat' dir='ltr'>Asculo</span> <span class='ocrx_word' id='word_1_236' title='bbox 573 3191 777 3270; x_wconf 83' lang='lat' dir='ltr'>profugeret,</span> <span class='ocrx_word' id='word_1_237' title='bbox 813 3190 848 3250; x_wconf 91' lang='lat' dir='ltr'>in</span> <span class='ocrx_word' id='word_1_238' title='bbox 878 3189 997 3251; x_wconf 88' lang='lat' dir='ltr'>itinere</span> <span class='ocrx_word' id='word_1_239' title='bbox 1029 3208 1151 3269; x_wconf 81' lang='lat' dir='ltr'>magna</span> <span class='ocrx_word' id='word_1_240' title='bbox 1179 3194 1274 3270; x_wconf 91' lang='lat' dir='ltr'>parte</span> 
     </span>
     <span class='ocr_line' id='line_1_29' title="bbox 59 3296 1273 3388; baseline 0.004 -34"><span class='ocrx_word' id='word_1_241' title='bbox 59 3320 62 3355; x_wconf 72' lang='lat'>·÷</span> <span class='ocrx_word' id='word_1_242' title='bbox 123 3296 247 3359; x_wconf 86' lang='lat' dir='ltr'>militum</span> <span class='ocrx_word' id='word_1_243' title='bbox 272 3297 423 3361; x_wconf 90' lang='lat' dir='ltr'>desertus</span> <span class='ocrx_word' id='word_1_244' title='bbox 449 3317 524 3359; x_wconf 84' lang='lat' dir='ltr'>curn</span> <span class='ocrx_word' id='word_1_245' title='bbox 552 3298 668 3378; x_wconf 90' lang='lat' dir='ltr'>paucis</span> <span class='ocrx_word' id='word_1_246' title='bbox 698 3296 816 3359; x_wconf 88' lang='lat' dir='ltr'>incidit</span> <span class='ocrx_word' id='word_1_247' title='bbox 839 3298 875 3358; x_wconf 90' lang='lat' dir='ltr'>in</span> <span class='ocrx_word' id='word_1_248' title='bbox 905 3297 1101 3378; x_wconf 75' lang='lat' dir='ltr'>Vibullium,</span> <span class='ocrx_word' id='word_1_249' title='bbox 1134 3298 1190 3378; x_wconf 89' lang='lat' dir='ltr'>qui</span> <span class='ocrx_word' id='word_1_250' title='bbox 1214 3297 1273 3388; x_wconf 83' lang='lat' dir='ltr'>illo</span> 
     </span>
     <span class='ocr_line' id='line_1_30' title="bbox 60 3384 1273 3486; baseline 0.007 -27"><span class='ocrx_word' id='word_1_251' title='bbox 60 3416 61 3449; x_wconf 79' lang='lat'>1</span> <span class='ocrx_word' id='word_1_252' title='bbox 123 3384 265 3486; x_wconf 87' lang='lat' dir='ltr'>tempore,</span> <span class='ocrx_word' id='word_1_253' title='bbox 291 3408 327 3465; x_wconf 89' lang='lat' dir='ltr'>ut</span> <span class='ocrx_word' id='word_1_254' title='bbox 350 3405 529 3484; x_wconf 92' lang='lat' dir='ltr'>Pompeius</span> <span class='ocrx_word' id='word_1_255' title='bbox 555 3410 588 3465; x_wconf 91' lang='lat' dir='ltr'>et</span> <span class='ocrx_word' id='word_1_256' title='bbox 611 3401 727 3466; x_wconf 81' lang='lat' dir='ltr'>Cicero</span> <span class='ocrx_word' id='word_1_257' title='bbox 757 3405 889 3484; x_wconf 89' lang='lat' dir='ltr'>saepius</span> <span class='ocrx_word' id='word_1_258' title='bbox 913 3408 1187 3486; x_wconf 91' lang='lat' dir='ltr'>commemorant,</span> <span class='ocrx_word' id='word_1_259' title='bbox 1219 3403 1273 3467; x_wconf 93' lang='lat' dir='ltr'>de·</span> 
     </span>
    </p>
   </div>
   <div class='ocr_carea' id='block_1_3' title="bbox 59 3500 1281 4128">
    <p class='ocr_par' dir='ltr' id='par_1_7' title="bbox 59 3500 1281 4128">
     <span class='ocr_line' id='line_1_31' title="bbox 122 3500 1273 3592; baseline 0.006 -23"><span class='ocrx_word' id='word_1_260' title='bbox 122 3507 247 3574; x_wconf 90' lang='lat' dir='ltr'>lectuum</span> <span class='ocrx_word' id='word_1_261' title='bbox 270 3511 498 3575; x_wconf 90' lang='lat' dir='ltr'>habendorum</span> <span class='ocrx_word' id='word_1_262' title='bbox 523 3531 625 3574; x_wconf 90' lang='lat' dir='ltr'>causa</span> <span class='ocrx_word' id='word_1_263' title='bbox 648 3500 682 3573; x_wconf 89' lang='lat' dir='ltr'>in</span> <span class='ocrx_word' id='word_1_264' title='bbox 702 3512 823 3574; x_wconf 89' lang='lat' dir='ltr'>Piceno</span> <span class='ocrx_word' id='word_1_265' title='bbox 841 3511 1057 3591; x_wconf 88' lang='lat' dir='ltr'>finitimisque</span> <span class='ocrx_word' id='word_1_266' title='bbox 1083 3513 1273 3592; x_wconf 84' lang='lat' dir='ltr'>regionibus</span> 
     </span>
     <span class='ocr_line' id='line_1_32' title="bbox 121 3617 1281 3698; baseline 0.006 -24"><span class='ocrx_word' id='word_1_267' title='bbox 121 3621 381 3682; x_wconf 86' lang='lat' dir='ltr'>commorabatur.</span> <span class='ocrx_word' id='word_1_268' title='bbox 408 3617 440 3679; x_wconf 92' lang='lat' dir='ltr'>Is</span> <span class='ocrx_word' id='word_1_269' title='bbox 464 3617 604 3680; x_wconf 93' lang='lat' dir='ltr'>Lentulo</span> <span class='ocrx_word' id='word_1_270' title='bbox 629 3617 769 3680; x_wconf 91' lang='lat' dir='ltr'>dimisso</span> <span class='ocrx_word' id='word_1_271' title='bbox 798 3635 968 3698; x_wconf 87' lang='lat' dir='ltr'>parvaque</span> <span class='ocrx_word' id='word_1_272' title='bbox 994 3618 1064 3679; x_wconf 91' lang='lat' dir='ltr'>eius</span> <span class='ocrx_word' id='word_1_273' title='bbox 1090 3638 1190 3680; x_wconf 89' lang='lat' dir='ltr'>manu</span> <span class='ocrx_word' id='word_1_274' title='bbox 1219 3638 1281 3697; x_wconf 64' lang='lat' dir='ltr'>ex3</span> 
     </span>
     <span class='ocr_line' id='line_1_33' title="bbox 59 3722 1273 3807; baseline 0.007 -25"><span class='ocrx_word' id='word_1_275' title='bbox 59 3730 60 3733; x_wconf 76' lang='grc'>’</span> <span class='ocrx_word' id='word_1_276' title='bbox 121 3730 201 3803; x_wconf 88' lang='lat' dir='ltr'>cepta</span> <span class='ocrx_word' id='word_1_277' title='bbox 232 3725 345 3807; x_wconf 88' lang='lat' dir='ltr'>paullo</span> <span class='ocrx_word' id='word_1_278' title='bbox 375 3730 452 3806; x_wconf 90' lang='lat' dir='ltr'>post</span> <span class='ocrx_word' id='word_1_279' title='bbox 481 3726 584 3788; x_wconf 91' lang='lat' dir='ltr'>etiam</span> <span class='ocrx_word' id='word_1_280' title='bbox 613 3726 757 3806; x_wconf 88' lang='lat' dir='ltr'>quinque</span> <span class='ocrx_word' id='word_1_281' title='bbox 786 3726 942 3787; x_wconf 91' lang='lat' dir='ltr'>cohortes</span> <span class='ocrx_word' id='word_1_282' title='bbox 972 3724 1067 3786; x_wconf 93' lang='lat' dir='ltr'>Hirri</span> <span class='ocrx_word' id='word_1_283' title='bbox 1095 3722 1273 3790; x_wconf 81' lang='lat' dir='ltr'>Camerino</span> 
     </span>
     <span class='ocr_line' id='line_1_34' title="bbox 121 3830 1272 3914; baseline 0.006 -25"><span class='ocrx_word' id='word_1_284' title='bbox 121 3830 258 3910; x_wconf 83' lang='lat' dir='ltr'>fugientis</span> <span class='ocrx_word' id='word_1_285' title='bbox 293 3834 426 3914; x_wconf 86' lang='lat' dir='ltr'>excepit</span> <span class='ocrx_word' id='word_1_286' title='bbox 456 3837 488 3895; x_wconf 94' lang='lat' dir='ltr'>et</span> <span class='ocrx_word' id='word_1_287' title='bbox 517 3833 642 3895; x_wconf 80' lang='lat' dir='ltr'>allectis</span> <span class='ocrx_word' id='word_1_288' title='bbox 676 3834 738 3895; x_wconf 91' lang='lat' dir='ltr'>hoc</span> <span class='ocrx_word' id='word_1_289' title='bbox 766 3832 865 3894; x_wconf 92' lang='lat' dir='ltr'>modo</span> <span class='ocrx_word' id='word_1_290' title='bbox 891 3831 1052 3894; x_wconf 78' lang='lat' dir='ltr'>tredecIm</span> <span class='ocrx_word' id='word_1_291' title='bbox 1080 3832 1272 3896; x_wconf 88' lang='lat' dir='ltr'>cohortibus</span> 
     </span>
     <span class='ocr_line' id='line_1_35' title="bbox 122 3935 1270 4021; baseline 0.004 -25"><span class='ocrx_word' id='word_1_292' title='bbox 122 3941 232 4019; x_wconf 82' lang='lat' dir='ltr'>magnis</span> <span class='ocrx_word' id='word_1_293' title='bbox 256 3941 429 4003; x_wconf 91' lang='lat' dir='ltr'>itineribus</span> <span class='ocrx_word' id='word_1_294' title='bbox 455 3940 499 4003; x_wconf 89' lang='lat' dir='ltr'>ad</span> <span class='ocrx_word' id='word_1_295' title='bbox 523 3940 707 4002; x_wconf 89' lang='lat' dir='ltr'>Domitium</span> <span class='ocrx_word' id='word_1_296' title='bbox 722 3936 905 4002; x_wconf 81' lang='lat' dir='ltr'>Corfinium</span> <span class='ocrx_word' id='word_1_297' title='bbox 930 3939 1084 4020; x_wconf 81' lang='lat' dir='ltr'>pervenit</span> <span class='ocrx_word' id='word_1_298' title='bbox 1107 3935 1219 4016; x_wconf 77' lang='lat' dir='ltr'>[Caes.</span> <span class='ocrx_word' id='word_1_299' title='bbox 1242 3940 1270 4021; x_wconf 93' lang='lat' dir='ltr'>I,</span> 
     </span>
     <span class='ocr_line' id='line_1_36' title="bbox 123 4039 1271 4128; baseline 0.005 -25"><span class='ocrx_word' id='word_1_300' title='bbox 123 4039 166 4124; x_wconf 82' lang='lat'>15,</span> <span class='ocrx_word' id='word_1_301' title='bbox 188 4047 298 4125; x_wconf 81' lang='grc'>3-6).</span> <span class='ocrx_word' id='word_1_302' title='bbox 326 4047 397 4108; x_wconf 89' lang='lat' dir='ltr'>Iam</span> <span class='ocrx_word' id='word_1_303' title='bbox 420 4065 502 4108; x_wconf 82' lang='lat' dir='ltr'>roro</span> <span class='ocrx_word' id='word_1_304' title='bbox 526 4065 567 4108; x_wconf 89' lang='lat' dir='ltr'>ex</span> <span class='ocrx_word' id='word_1_305' title='bbox 591 4065 641 4128; x_wconf 90' lang='lat' dir='ltr'>eo,</span> <span class='ocrx_word' id='word_1_306' title='bbox 668 4045 756 4125; x_wconf 90' lang='lat' dir='ltr'>quod</span> <span class='ocrx_word' id='word_1_307' title='bbox 780 4047 957 4126; x_wconf 90' lang='lat' dir='ltr'>Pompeius</span> <span class='ocrx_word' id='word_1_308' title='bbox 987 4044 1130 4107; x_wconf 91' lang='lat' dir='ltr'>Vibullii</span> <span class='ocrx_word' id='word_1_309' title='bbox 1154 4047 1271 4109; x_wconf 87' lang='lat' dir='ltr'>cohor-</span> 
     </span>
    </p>
   </div>
   <div class='ocr_carea' id='block_1_4' title="bbox 1132 4168 1165 4220">
    <p class='ocr_par' dir='ltr' id='par_1_8' title="bbox 1132 4168 1165 4220">
     <span class='ocr_line' id='line_1_37' title="bbox 1132 4168 1165 4220; baseline 0 -21"><span class='ocrx_word' id='word_1_310' title='bbox 1132 4168 1165 4220; x_wconf 79' lang='grc'>4*</span> 
     </span>
    </p>
   </div>
   <div class='ocr_carea' id='block_1_5' title="bbox 0 0 1602 4634">
    <p class='ocr_par' dir='ltr' id='par_1_9' title="bbox 0 0 1602 4634">
     <span class='ocr_line' id='line_1_38' title="bbox 0 0 1602 4634; baseline 0 1"><span class='ocrx_word' id='word_1_311' title='bbox 0 0 1602 4634; x_wconf 95' lang='lat' dir='ltr'> </span> 
     </span>
    </p>
   </div>
  </div>
 </body>
</html>
