3196 4634
644 253 684 261 ..
711 217 750 278 77
776 253 819 262 ..

136 381 199 423 nus
221 380 261 423 ea
280 359 323 422 ad
337 361 488 423 effectum
506 360 750 424 adducerentur
761 359 817 441 ⁷³).
843 362 984 445 Saepius
1005 365 1094 428 enim
1110 384 1186 427 cum
1202 364 1311 428 adhuc

137 466 298 548 vidimus,
321 471 389 530 tum
408 469 442 529 in
461 467 600 550 reliquis
620 469 740 531 harum
753 471 985 551 quaestionum
1005 472 1157 553 partibus
1178 471 1309 535 demon-

137 574 321 637 strabimus
346 575 414 636 iam
438 570 618 637 Caesarem
647 574 737 637 haud
761 576 934 657 ignorasse
959 577 1055 650 illud,
1088 577 1174 658 quod
1199 578 1312 640 multis

137 681 284 744 saeculis
309 686 384 762 post
403 682 610 744 clarissimus
631 682 690 745 ille
711 682 918 764 Talleyrand
941 685 1096 766 posuisse
1121 686 1239 768 fertur,
1264 687 1313 747 ita

136 788 306 851 hominem
341 793 506 851 anatura
523 766 648 870 lingua
681 789 880 855 instructum
914 809 986 853 esse
1016 797 1113 874 atque
1146 797 1310 873 ornatum,

136 903 187 976 ut,
213 913 299 976 quae
315 895 450 978 cogitet,
475 894 687 958 dissimulare
702 897 820 977 possit.
839 895 953 981 Neque
978 902 1090 960 tamen
1110 898 1245 979 ingenui
1264 905 1314 961 est

136 1001 225 1062 hanc
249 1001 414 1062 rationem
439 1002 620 1083 suscipere.
641 1001 720 1083 Quis
744 1002 832 1064 enim
852 1003 967 1087 nescit,
992 1009 1028 1065 ut
1052 1004 1100 1067 ait
1123 1001 1241 1067 Cicero
1257 1004 1313 1084 (de

138 1113 275 1170 oratore
300 1106 345 1190 ΙΙ,
372 1108 443 1188 62),
470 1107 635 1191 „primam
657 1126 731 1170 esse
754 1108 917 1171 historiae
940 1109 1060 1192 legem,
1080 1108 1216 1192 nequid
1236 1110 1314 1172 falsi

137 1213 252 1277 dicere
272 1213 413 1277 audeat?
433 1214 551 1278 deinde
571 1234 612 1277 ne
633 1215 713 1296 quid
728 1217 802 1278 veri
826 1236 891 1278 non
910 1199 1061 1280 audeat?
1085 1237 1126 1281 ne
1150 1237 1236 1300 quae
1262 1237 1312 1280 su-

138 1323 243 1404 spicio
271 1322 399 1403 gratiae
428 1322 471 1384 sit
500 1323 535 1384 in
563 1308 757 1386 scribendo?
785 1342 826 1386 ne
849 1343 949 1406 quae,
967 1322 1188 1388 simultatis?“
1224 1328 1314 1405 Quas

138 1431 306 1493 historiae
324 1431 415 1512 leges
434 1450 546 1494 omnes
568 1428 691 1495 Caesar
710 1432 859 1512 neglexit
872 1431 1013 1514 ideoque
1032 1433 1247 1496 vehementer
1264 1439 1315 1495 est

138 1535 447 1619 reprehendendus.

139 1735 355 1744 ——u

176 1838 213 1909 73)
233 1838 305 1894 Post
333 1835 392 1900 ills,
415 1851 488 1906 quse
509 1851 598 1906 supra
616 1835 777 1904 attulimus,
798 1836 889 1893 verba
908 1837 1018 1895 Caesar
1037 1837 1093 1894 hoc
1111 1837 1199 1893 modo
1219 1839 1317 1908 pergit

135 1947 174 2016 (I,
193 1944 239 2012 33,
257 1946 299 2014 4):
321 1942 426 2016 ,Cuius
445 1941 487 2014 [id
506 1947 564 1999 est:
584 1941 709 2013 Metelli]
732 1945 852 2015 cognito
867 1942 991 2001 consilio
1008 1946 1118 2004 Caesar
1132 1941 1242 2000 frustra
1256 1944 1318 2001 die-

136 2055 194 2113 bus
213 2051 326 2123 aliquot
344 2051 533 2121 consumptis,
554 2066 589 2107 ne
608 2049 753 2121 reliquum
771 2055 888 2121 tempus
907 2051 1033 2118 amittat,
1048 2049 1166 2107 infectis
1179 2050 1225 2117 tir,
1243 2067 1316 2122 quse

136 2177 230 2234 agere
250 2160 460 2229 destinaverat,
480 2159 517 2216 ab
537 2159 608 2217 urbe
627 2158 825 2231 proficiscitur
840 2164 929 2230 stoue
949 2160 979 2216 iu
998 2158 1169 2215 ulteriorem
1190 2158 1316 2218 Galliam

137 2269 305 2343 pervenit“.
328 2301 359 2309 —
380 2267 448 2325 Etsi
467 2284 503 2324 ex
522 2268 570 2336 iis,
591 2283 666 2338 quae
685 2267 720 2324 de
741 2267 858 2324 serario
878 2266 1008 2338 expilsto
1030 2266 1253 2338 disputavimus,
1275 2267 1317 2323 in·

137 2376 291 2448 tellegitur
321 2361 477 2433 Gaesarem
505 2392 565 2433 uon
594 2375 727 2433 omuibus
755 2374 854 2451 relpus,
868 2390 956 2445 ‚quas
984 2390 1072 2446 agere
1100 2373 1315 2457 destinavisset,

138 2481 259 2542 infectis
287 2482 323 2540 ab
353 2483 425 2540 urbe
447 2481 612 2554 profectum
633 2499 707 2551 esse,
728 2489 826 2540 tamen
844 2482 972 2539 dubitsri
992 2498 1052 2539 non
1071 2487 1179 2552 potest.
1202 2481 1272 2552 quin
1291 2480 1316 2537 is

138 2601 205 2652 tum
234 2591 321 2646 etism
354 2588 426 2646 alias
449 2605 497 2646 res
515 2588 607 2645 veluti
625 2588 844 2646 restitutionem
863 2587 927 2659 lege
946 2587 1090 2659 Pompeis
1109 2587 1317 2644 condemnato-

138 2716 207 2758 rum
226 2668 317 2768 (conf.
339 2697 400 2755 Cic.
415 2696 458 2753 ad
478 2699 540 2754 Att.
561 2696 598 2761 X,
619 2700 647 2764 4,
667 2700 697 2767 8)
715 2696 860 2754 conticere
888 2695 1017 2753 voluerit
1034 2712 1128 2767 neque
1157 2695 1297 2767 potuerit.

543 3093 923 3175 manase-n
