3196 4634
891 225 1065 285 ...14-

390 370 519 427 menter
543 384 579 428 se
597 367 721 428 iratum
741 367 902 429 simulans
927 364 1055 430 Caesar
1075 369 1287 451 subsequenti
1304 370 1427 452 capite:
1456 371 1537 455 „Erat

389 471 504 552 inique
528 471 692 554 condicio⁷
718 474 838 556 inquit,
864 472 1051 557 postulare⁷
1073 480 1110 536 ut
1135 471 1262 537 Caesar
1291 476 1443 539 Arimino
1465 495 1537 539 exee-

389 577 485 641 deret
509 587 608 658 atque
632 581 675 641 in·
690 582 902 661 provinciam
922 587 1159 655 reverteretur,
1182 583 1288 662 ipsum
1314 588 1346 644 et
1369 584 1539 664 provincias
1590 628 1592 675 p

390 690 424 747 et
447 684 593 766 legiones
619 687 749 750 alienas
774 695 899 771 tenere3
926 690 1106 751 exercitum
1130 687 1286 753 Caesaris
1310 689 1400 753 velle
1424 689 1539 771 dimitti,
1590 682 1591 751 l

391 789 539 855 delectus
569 794 707 877 habere3
737 794 894 896 polliperi
923 814 958 857 se
986 795 1022 856 in
1050 796 1259 876 provinciam
1288 786 1423 865 iturum'
1440 814 1540 878 neque

391 903 469 960 ente
493 917 588 981 quem
612 899 702 963 diem
726 902 831 962 iturus
851 902 906 984 sit,
929 900 1081 983 definire,
1106 906 1154 982 ut,
1182 903 1209 963 si
1232 908 1368 983 peracto
1390 902 1543 965 consulatu
1589 940 1591 989 1

393 1001 551 1068 Caesaris
573 1026 640 1070 nou
660 989 829 1088 profectus
851 1013 951 1090 esset,
972 1007 1066 1070 nulla
1087 1012 1198 1071 tamen
1214 1007 1382 1070 mendacii
1401 1008 1544 1089 religione
1590 994 1591 1007 ¹

352 1158 357 1172 .
391 1114 570 1176 obstrictus
593 1113 776 1177 rideretur.
804 1114 948 1196 Tempus
972 1134 1053 1178 vero
1077 1115 1241 1197 colloquio
1266 1135 1330 1178 non
1355 1114 1435 1177 d‘are
1458 1133 1545 1196 neque

394 1238 607 1282 accessurum
631 1220 786 1301 polliceri
805 1240 960 1302 magnam
979 1222 1073 1302 pacis
1096 1220 1365 1303 desperationem
1386 1209 1545 1284 efferebar

392 1328 436 1409 (Ι,
462 1326 517 1409 11,
543 1328 658 1406 12-3).
679 1327 824 1391 -Haec
850 1330 1009 1391 hactenus
1040 1325 1177 1391 Caesar.
1209 1326 1310 1392 Cuius
1334 1329 1546 1391 narrationem

394 1434 423 1495 si
446 1451 520 1495 cum
543 1434 586 1496 iis
610 1435 805 1517 contuleris,
836 1437 979 1517 quaein
1003 1432 1172 1498 Ciceronis
1202 1436 1352 1516 epistolis
1378 1434 1418 1498 de
1448 1435 1547 1498 iisden

394 1540 493 1601 rebus
516 1540 685 1622 leguntur,
712 1541 855 1603 alterum
884 1542 1080 1622 scriptorem
1103 1560 1176 1603 oum
1208 1542 1315 1605 altero
1340 1562 1408 1605 uon
1440 1548 1507 1604 tam
1526 1542 1548 1601 iu

395 1643 566 1731 Caesaris,
591 1669 690 1730 quam
713 1650 749 1710 in
773 1650 913 1731 Pompei
938 1648 1186 1712 condicionibus
1215 1648 1443 1712 describendis
1466 1650 1549 1712 vehe-

395 1758 523 1817 menter
540 1754 730 1836 discrepare
746 1775 938 1837 cognosces.
959 1756 1053 1818 Illius
1078 1757 1166 1818 enim
1181 1755 1340 1819 mandata
1355 1754 1487 1838 Cicero,
1504 1756 1551 1818 etsi

395 1863 429 1922 in
452 1863 562 1943 primo
586 1869 708 1944 puncto
724 1865 883 1946 temporis
908 1865 960 1926 ira
984 1864 1091 1927 elatus
1107 1882 1147 1926 ea
1170 1864 1340 1947 simulata,
1368 1869 1493 1946 astuta,
1510 1864 1551 1926 ab·

396 1968 594 2032 surdissima
623 1971 775 2032 nominat
799 1976 832 2034 et
859 1972 1138 2052 Pompeianorum
1168 1969 1408 2033 eludendorum
1439 1975 1551 2032 tantun

396 2095 498 2138 causa
521 2075 600 2139 deta
619 2095 692 2139 esse
712 2076 794 2138 dicit
816 2077 875 2156 (ad
899 2077 969 2139 Att.
993 2076 1069 2159 Vll,
1090 2076 1133 2140 13
1152 2078 1186 2158 b,
1208 2076 1256 2158 2),
1279 2076 1435 2138 similiter
1456 2081 1551 2139 temen

397 2189 496 2263 atque
521 2184 592 2264 ipse
620 2181 747 2247 Caesar
775 2185 943 2264 exposuit,
969 2203 1044 2245 cum
1073 2185 1107 2245 in
1136 2183 1277 2265 epistola
1306 2183 1421 2264 paucis
1453 2183 1551 2246 diebus

394 2294 471 2371 post
495 2289 537 2352 ad
560 2290 715 2353 Tironem
739 2290 830 2354 data:
858 2291 1044 2376 „feruntum
1070 2292 1190 2373 inquit,
1212 2286 1398 2369 omninum)
1424 2289 1551 2353 condici-

396 2416 476 2461 ones
502 2398 618 2461 abillo
644 2400 680 2478 [i.
699 2417 727 2460 e.
747 2395 956 2479 eCaesare]‚
973 2403 1010 2459 ut
1023 2398 1201 2479 Pompeius
1226 2401 1280 2460 eat
1303 2398 1337 2458 in
1355 2397 1551 2479 Hispaniam,

396 2504 558 2586 delectus,
585 2506 640 2585 qui
665 2511 741 2567 sunt
760 2506 880 2588 habiti,
906 2509 938 2566 et
957 2503 1129 2586 praesidia
1148 2508 1263 2566 nostre
1282 2503 1508 2584 dimittantur3
1528 2518 1552 2561 se

395 2612 591 2674 ulteriorem
615 2609 763 2675 Galliam
788 2611 947 2695 Domitio,
973 2611 1161 2673 citeriorem
1186 2606 1345 2672 Considio
1371 2609 1552 2672 Noniano-

397 2721 449 2782 his
473 2721 561 2782 enim
587 2720 829 2800 obtigerunt—
846 2718 1058 2802 traditurum3
1086 2717 1128 2781 ad
1152 2718 1345 2781 consulatus
1369 2718 1554 2798 petitionem

398 2847 433 2890 se
457 2832 645 2908 venturum,
671 2845 778 2906 neque
795 2846 831 2890 se
853 2828 921 2889 iam
941 2827 1030 2890 velle
1051 2828 1187 2889 absente
1213 2825 1430 2888 serationem
1452 2822 1555 2887 haberi

396 2954 503 3015 suem3
530 2952 564 2995 se
589 2940 799 3014 praesentem
824 2935 947 2995 trinum
971 2931 1156 2994 nundinum
1180 2927 1382 3012 petiturqu
1407 2930 1467 3009 (ad
1487 2931 1555 2991 faur.

396 3041 491 3124 XVI,
517 3040 573 3121 12,
599 3040 648 3118 3).
664 3077 703 3085 -
715 3040 761 3101 n,
783 3039 954 3119 contrade
969 3040 1247 3120 Pompeianorum
1267 3037 1436 3117 responsis
1452 3032 1558 3098 Cicero

398 3150 498 3231 plane
530 3148 702 3211 contraria
739 3147 822 3209 dicit
853 3143 1010 3209 Caesaris
1043 3146 1167 3209 verbis.
1204 3145 1270 3206 Illa
1299 3145 1389 3206 enim
1422 3146 1556 3219 intuens,

398 3275 600 3338 quamquem
624 3252 790 3317 interdum
804 3271 865 3334 pro
886 3254 1110 3315 inconstantia
1131 3272 1192 3314 sua
1212 3251 1358 3313 animum
1388 3246 1558 3330 despondet

398 3364 456 3442 (ci.
484 3361 526 3424 ad
550 3362 620 3424 Att.
647 3361 724 3442 VH,
750 3359 806 3442 17,
831 3360 880 3440 2),
913 3360 1048 3441 saepius
1074 3363 1183 3420 tamen
1208 3360 1299 3420 tanto
1324 3354 1447 3437 gaudio
1473 3354 1557 3417 affec·

399 3477 469 3533 tum
493 3475 672 3549 tantaeque
692 3467 836 3530 fiduciae
859 3466 994 3548 plenum
1019 3486 1053 3529 se
1074 3464 1231 3546 ostendit,
1257 3469 1294 3525 ut
1318 3482 1455 3544 sperare
1474 3481 1507 3524 se
1527 3475 1557 3521 ao

398 3576 563 3641 confidere
587 3575 689 3657 dicet,
716 3594 793 3637 mox
817 3594 912 3637 erma
936 3580 1035 3655 togse
1064 3592 1199 3636 cessura
1224 3589 1406 3651 omnesque
1428 3571 1464 3632 in
1487 3582 1557 3650 pace
1593 3630 1594 3667 3

399 3770 611 3779 ——-—-·—-—

434 3899 470 3972 a)
489 3897 597 3956 Nescio
617 3911 654 3952 an
672 3893 728 3952 tibi
746 3893 869 3965 probem
889 3892 983 3963 magis
995 3890 1155 3949 convenire
1173 3889 1272 3961 legere
1288 3888 1468 3959 „Arimino“,
1483 3895 1555 3957 quen

401 4006 565 4079 „omnino“.
