3196 4634
547 84 555 117 Ι

589 227 763 289 -33..

153 357 234 423 Hunc
246 364 343 445 igitur
359 368 393 429 in
407 367 541 430 modum
558 367 699 430 calculis
716 369 923 450 singularum
939 369 1068 433 dierum
1088 370 1258 435 subductis

120 482 211 530 omnes
239 491 288 535 res
317 476 490 558 aptissime
525 476 703 539 convenire
732 475 885 540 videmus
918 477 1191 561 adducimurque,
1220 485 1258 542 ut

120 569 192 634 illam
209 574 407 661 Nipperdeyi
427 586 461 644 et
478 581 661 645 Hofmanni
681 582 893 665 sententiam,
919 602 986 664 qua
1004 580 1131 647 Caesar
1155 585 1257 648 etiam

119 684 176 758 post
196 684 392 752 tribunorum
416 690 463 771 pl.
487 688 668 753 adventum
692 690 886 752 universum
911 689 1047 753 biduum
1072 691 1257 755 Ravennae

118 788 237 867 segniter
258 799 403 858 moratus
426 795 537 876 pridie
560 794 639 857 Idus
662 796 838 858 Ianuarias
869 794 1001 859 demum
1024 802 1124 860 noctu
1152 798 1255 861 Rubi·

118 908 211 957 conem
233 902 390 965 transisse
415 906 448 965 et
471 907 606 984 postero
629 901 683 965 die
707 901 836 981 (Idibus
860 903 1043 983 Ianuariis)
1067 902 1256 968 Ariminum

117 1006 305 1082 occupavisse
324 1013 474 1091 putatur,
496 1014 593 1071 utne
612 1027 676 1070 uno
697 1007 829 1089 quidem
851 1018 1047 1091 argumento
1066 1012 1255 1095 probatam,

118 1105 291 1184 quinetiam
316 1115 498 1180 absurdam
526 1115 750 1198 repudiemus.
782 1116 887 1179 Immo
912 1117 1001 1179 enim
1025 1136 1105 1180 vero
1134 1115 1256 1181 Caesa·

121 1229 179 1297 ren,
201 1237 271 1283 cum
294 1242 337 1286 ex
366 1225 575 1305 superiorum
603 1223 731 1286 dierum
756 1224 882 1285 nuntiis
910 1204 1022 1286 Roma
1050 1225 1114 1287 sibi
1144 1226 1257 1288 allatis

121 1322 264 1395 procidere
286 1329 461 1412 potuisset,
486 1348 552 1411 quo
573 1334 707 1392 senatus
731 1348 802 1392 rem
821 1329 1023 1393 deducturus
1049 1335 1137 1394 esset
1155 1351 1257 1413 quan·
1309 1381 1313 1389 .

122 1428 221 1509 bnquc
240 1436 426 1517 periculum
447 1438 587 1500 tribunis
607 1438 671 1499 sibi
695 1437 814 1500 amicis
833 1437 1055 1522 impenderet,
1076 1440 1146 1502 iam
1164 1442 1257 1521 prius

120 1552 190 1613 obn
204 1560 233 1603 a.
259 1543 292 1606 d.
319 1544 368 1605 IV
392 1543 471 1606 Idus
485 1545 661 1607 Ianuarias
688 1549 780 1607 trans
796 1544 1005 1608 Rubiconem
1029 1546 1142 1627 copias
1159 1548 1258 1609 traie-

120 1639 180 1706 cisse
192 1652 287 1729 atque
303 1650 450 1712 Arimini
464 1650 541 1713 illos
556 1655 824 1731 exspectaturum
839 1651 1039 1733 constitisse,
1065 1656 1103 1713 ut
1122 1650 1256 1714 demon·

116 1751 240 1838 strenus,
267 1758 362 1822 nobis
385 1759 634 1840 proposuimus.

144 1854 251 1926 Senatu
275 1865 403 1929 duobus
428 1867 546 1947 primis
569 1866 723 1928 Ianuarii
747 1865 862 1929 diebus
885 1866 1013 1948 habito,
1036 1886 1111 1928 cum
1136 1864 1256 1930 Caesa·

113 1961 148 2023 ris
165 1975 326 2036 extremae
350 1972 561 2035 condiciones
582 1971 778 2054 repudiatae
799 1978 898 2054 atque
921 1973 1020 2034 minis
1040 1973 1257 2054 Pompeiano-

113 2085 167 2134 rum
189 2077 341 2165 plerique
367 2079 569 2142 infirmiores
594 2080 766 2160 perterriti
791 2083 913 2160 essent,
944 2097 1057 2141 omnes
1091 2079 1258 2161 Scipionis

117 2184 285 2249 sententiam
311 2186 417 2249 secuti
440 2190 547 2249 erant:
580 2190 617 2248 ut
641 2182 768 2248 Caesar
792 2189 869 2247 ante
897 2191 1026 2247 certam
1050 2184 1140 2248 diem
1165 2204 1258 2247 exer·

116 2281 190 2351 citum
211 2292 411 2376 dimitteret,
443 2294 472 2355 si
498 2312 566 2356 non
598 2293 736 2374 faceret,
764 2311 838 2355 eum
868 2296 988 2354 contra
1016 2291 1257 2373 rempublicam

113 2386 250 2461 sucturum
282 2399 390 2462 videri
420 2405 519 2482 atque
547 2400 582 2460 in
610 2400 758 2461 hostium
785 2417 925 2461 numero
954 2418 1029 2461 esse
1060 2398 1257 2480 putandum.

110 2491 355 2570 intercesserant
377 2506 510 2588 quidem
536 2507 661 2569 tribuni
687 2506 735 2587 pl.
762 2502 904 2568 Caesari
929 2507 1029 2568 amici
1054 2506 1085 2568 ei
1109 2510 1259 2568 senatus·

108 2611 249 2696 consulto,
276 2632 341 2696 quo
365 2613 574 2695 iniquissime
599 2613 800 2695 efficeretur,
826 2616 864 2673 ut
886 2631 970 2673 unus
993 2612 1170 2693 Pompeius
1194 2630 1259 2672 non

105 2714 316 2784 tantummodo
344 2720 578 2784 adversarium
612 2742 721 2803 suum,
751 2740 870 2783 verum
903 2739 1017 2783 omnes
1047 2718 1261 2783 antecederet

104 2813 203 2894 (Saes.
229 2828 257 2911 Ι,
284 2828 318 2910 2,
344 2827 443 2891 6-8.
471 2828 535 2891 Dio
558 2828 648 2911 XLI,
675 2827 845 2910 2,1-2).
868 2827 932 2891 Sed
957 2834 1069 2891 tamen
1093 2826 1259 2908 extemplo

102 2923 135 2988 dc
152 2934 358 2997 tribunorum
373 2935 612 2998 intercessione
627 2935 771 2998 relatum
792 2939 892 3016 atque
907 2935 1022 2998 multis
1038 2934 1260 3017 gravibusque

101 3041 261 3105 sententiis
272 3038 371 3104 dictis
386 3039 500 3122 (Caes.
513 3042 543 3125 I,
557 3043 631 3125 2,8.
641 3043 705 3105 Dio
714 3041 807 3126 XLI,
819 3043 852 3124 3,
864 3043 902 3121 1)
914 3061 952 3106 eo
963 3043 1160 3105 descensum
1174 3043 1258 3120 erat,

101 3147 132 3204 ut
145 3165 232 3214 nova
254 3146 413 3213 (laeseris
438 3151 625 3213 amicorum
648 3150 891 3213 intercessione
915 3151 1068 3231 neglecta
1089 3150 1260 3209 senatores

100 3260 215 3320 vestem
230 3258 407 3340 lugubrem
421 3258 599 3322 induerent
607 3256 649 3337 ³²)
664 3262 698 3321 et
711 3257 832 3321 deinde
847 3258 1084 3337 deliberarent,
1097 3252 1261 3336 quomodo

102 3410 298 3435 Ἣ

128 3484 160 3553 ⁸²)
176 3485 211 3543 ln
240 3484 337 3542 medio
356 3484 581 3555 relinquendum
610 3489 664 3551 est,
687 3488 785 3541 utrum
816 3482 948 3543 Cassium
971 3481 1098 3538 Dionem
1116 3481 1212 3551 (XLI,
1231 3483 1260 3549 2,

104 3585 168 3660 2-3,
190 3597 220 3651 1:
241 3589 324 3657 ἔδοξε
342 3588 395 3660 μὲν
424 3586 475 3647 οὖν
504 3599 595 3647 ταῦτα
622 3595 668 3662 (ιιι
696 3590 806 3650 Caesar
832 3590 995 3647 exercitum
1019 3587 1206 3657 dimitteret),
1227 3587 1260 3643 od

104 3692 146 3761 pic
162 3698 216 3756 καὶ
234 3697 410 3772 κυρωθῆναι
425 3720 452 3755 τι
472 3698 567 3756 αὐτῶν
587 3699 654 3756 οὔτε
673 3697 704 3755 ἐν
726 3695 821 3767 ἐκείνῃ
846 3698 881 3766 τῇ
903 3692 995 3775 ἡμέρᾳ
1015 3697 1048 3770 (ἱ.
1070 3712 1096 3755 e.
1117 3696 1260 3754 Kalendis

98 3798 246 3878 ianuariis)
275 3805 342 3865 οὔτε
360 3804 401 3865 ’ἐν
430 3811 465 3880 τῇ
499 3807 638 3888 ὑστεραίᾳ
660 3807 678 3864 ὅ
699 3828 730 3864 τε
753 3802 900 3871 Ἀντώνιος
928 3804 1013 3861 καὶὸ
1034 3811 1181 3877 Λογγῖνος
1209 3802 1257 3860 ἐπ-

96 3904 229 3986 έτρεψαν.
253 3914 523 3989 ἀγανακτησάντων
544 3916 575 3974 δὲ
594 3915 643 3972 ἐπὶ
666 3912 759 3994 τούτῳ
784 3921 841 3970 τῶν
861 3910 957 3969 ἄλλων
978 3911 1028 3969 καὶ
1045 3910 1260 3983 ψηφισαμένων

95 4019 142 4088 τὴν
161 4021 274 4097 ἐσθῆτα
294 4021 488 4096 ἀλλάξασθαι,
505 4034 594 4097 κῦρος
611 4023 664 4093 μὲν
684 4020 752 4078 οὐδὲ
770 4021 852 4077 τοῦθ’
874 4017 931 4076 ὑπὸ
949 4028 1006 4076 τῶν
1030 4018 1125 4076 αὐτῶν
1145 4016 1259 4092 ἔλαβεν,

1139 4133 1154 4184 3
