3196 4634
768 256 941 317 ..72-

263 394 414 479 lavisset,
440 394 475 455 in
498 413 561 477 quo
579 395 747 458 iacturam
770 395 944 478 dignitatis
963 404 1063 480 atque
1081 401 1217 465 honoria
1237 404 1308 483 ipae
1329 404 1433 465 iactu·

263 522 320 563 rus
341 508 439 564 esset.
461 500 690 564 Acerbitatem
709 503 922 568 inimicorum
946 505 1052 588 docet,
1076 508 1145 591 qui,
1159 508 1251 590 quod
1270 509 1312 572 ab
1329 509 1434 573 altero

262 607 484 688 postularent,
511 608 545 668 in
562 625 596 669 se
610 615 806 672 recusarent
822 615 920 692 atque
936 613 1047 675 omnia
1061 615 1258 694 permisceri
1280 615 1433 696 mallent,

263 734 362 797 quam
386 715 561 794 imperium
585 717 816 796 exercitusque
840 716 1020 781 dimittere.
1048 719 1209 805 Iniuriam
1233 722 1267 783 in
1291 723 1434 803 eripien-

263 820 314 883 dis
339 820 526 902 legionibus
550 821 735 903 praedicat,
762 823 994 887 crudelitatem
1018 832 1051 888 et
1074 827 1288 890 insolentiam
1311 829 1347 889 in
1371 830 1434 890 cir·

264 927 523 991 cumscribendis
548 928 689 990 tribunis
713 930 834 1012 plebis,
860 931 1072 995 condiciones
1103 953 1124 996 a
1148 953 1183 997 se
1208 935 1308 1016 latas,
1336 953 1434 1016 expe-

264 1035 327 1097 tita
359 1034 529 1116 colloquia
554 1036 587 1096 et
620 1034 785 1116 denegata
815 1043 1065 1101 commemorat.
1097 1039 1163 1103 Pro
1188 1041 1306 1123 quibus
1336 1041 1435 1103 rebus

263 1143 416 1204 hortatur
441 1161 479 1204 ac
503 1142 663 1226 postulat,
690 1147 819 1206 utrem
842 1146 1011 1225 publicam
1034 1148 1220 1228 suscipiant
1249 1154 1346 1230 atque
1369 1168 1436 1210 una

264 1267 377 1310 secum
402 1247 647 1310 administrent.
675 1250 732 1316 Sin
757 1251 875 1313 timore
899 1250 1083 1336 defugiant,
1105 1254 1229 1316 illisae
1253 1255 1345 1317 oneri
1368 1273 1436 1317 non

263 1357 412 1416 futurum
441 1364 473 1417 et
501 1375 561 1436 per
590 1376 625 1418 se
654 1357 896 1437 rempublicam
929 1358 1254 1423 administraturum.
1290 1361 1436 1442 Legatos
1475 1354 1485 1379 ⁹

265 1460 309 1523 ad
332 1462 527 1543 Pompeium
551 1460 592 1524 de
616 1464 852 1543 compositione
880 1465 969 1526 mitti
998 1473 1163 1549 oportere,
1193 1485 1301 1548 neque
1326 1485 1361 1529 se
1385 1476 1435 1529 ie-

264 1568 458 1652 formidare,
483 1568 570 1650 quod
594 1570 630 1630 in
654 1574 771 1632 senatu
795 1570 972 1652 Pompeius
995 1573 1096 1653 paulo
1121 1583 1199 1636 ante
1222 1572 1376 1655 dixisset,
1395 1573 1437 1636 ad

264 1696 344 1757 quos
369 1677 471 1757 legati
492 1678 716 1759 mitterentur,
738 1678 788 1739 his
808 1681 1042 1743 auctoritatem
1061 1681 1198 1745 attribui
1218 1681 1437 1761 timoremque

265 1803 394 1866 eorum,
419 1785 476 1865 qui
500 1785 682 1867 mitterent,
708 1785 904 1865 significari.
930 1786 1056 1864 Tenuis
1082 1791 1180 1868 atque
1203 1787 1328 1849 infirmi
1352 1788 1437 1849 haec

264 1890 367 1952 animi
383 1890 502 1952 videri.
525 1893 566 1958 Se
586 1909 678 1975 vero,
700 1896 737 1953 ut
755 1892 909 1972 operibus
929 1894 1057 1955 anteire
1076 1892 1252 1975 studuerit,
1274 1893 1323 1955 sic
1343 1894 1437 1954 iusti·

265 1998 313 2060 tia
336 2007 370 2060 et
393 1999 561 2078 aequitate
586 1999 673 2061 velle
697 1997 879 2081 superarel
901 1996 1015 2079 (Caes.
1033 2000 1062 2083 I,
1079 2001 1134 2084 32,
1151 1999 1438 2081 2—8).-Quam

263 2104 446 2167 orationem
475 2124 550 2166 cum
580 2112 744 2186 appareat
770 2126 835 2168 non
863 2107 936 2168 sine
965 2107 1018 2169 ira
1045 2111 1077 2168 et
1104 2107 1212 2169 studio
1241 2127 1261 2170 a
1289 2104 1438 2186 Caesare

263 2213 414 2274 habitam
434 2212 540 2274 multa
559 2214 740 2292 continere,
757 2233 843 2295 quae
863 2196 938 2275 cum
957 2214 1119 2276 historiae
1140 2214 1204 2277 fide
1223 2234 1342 2295 parum
1362 2233 1437 2276 con-

265 2319 413 2399 veniant,
440 2318 513 2381 fieri
537 2338 602 2382 non
626 2325 748 2401 potest,
773 2321 851 2402 quin
874 2321 969 2382 nobis
998 2322 1032 2382 in
1061 2323 1284 2402 suspicionem
1307 2322 1438 2402 veniat,

265 2427 366 2488 etiam
390 2426 464 2506 illa,
490 2445 575 2508 quae
598 2426 640 2487 ab
665 2445 704 2488 eo
730 2426 771 2488 de
795 2427 965 2489 uoluntate
990 2446 1051 2489 sua
1070 2427 1259 2508 legatorum
1284 2426 1326 2490 ad
1341 2427 1437 2490 Pom-

264 2534 376 2614 peium
401 2532 441 2595 de
466 2533 708 2613 compositione
731 2532 968 2595 mittendorum
992 2533 1084 2596 dicta
1109 2534 1186 2617 sint,
1207 2534 1365 2596 simulata
1389 2534 1437 2595 iu·

265 2647 406 2722 cataque
430 2659 516 2702 esse.
534 2641 643 2721 Atque
659 2635 784 2702 Caesar
807 2641 879 2720 ipse
898 2641 932 2701 in
951 2642 1167 2724 consequenti
1190 2642 1300 2722 capite
1320 2641 1361 2723 (I,
1379 2642 1437 2722 33,

264 2747 366 2827 1-2)
390 2747 431 2810 de
456 2767 496 2810 ea
520 2766 556 2809 re
584 2728 666 2809 haec
695 2748 798 2810 verba
826 2749 923 2812 facit:
957 2749 1101 2833 ,Probat
1129 2767 1200 2811 rem
1230 2755 1365 2811 senatus
1396 2748 1436 2810 de

265 2852 435 2916 mittendis
461 2854 598 2937 legatis,
625 2854 694 2936 sed,
725 2856 782 2937 qui
813 2848 1040 2938 mitterentur,
1070 2874 1137 2917 non
1170 2855 1435 2938 reperiebantur,

265 2963 475 3043 maximeque
501 2962 631 3024 timoris
662 2982 764 3025 causa
787 2981 846 3043 pro
871 2981 907 3024 se
931 2964 1070 3044 quisque
1093 2962 1129 3025 id
1152 2983 1271 3025 munus
1296 2962 1436 3043 legatio·

265 3071 317 3132 nis
337 3071 534 3141 recusabat.
561 3071 737 3151 Pompeius
765 3071 853 3132 enim
881 3068 1055 3133 discedens
1086 3070 1128 3133 ab
1152 3070 1235 3133 urbe
1258 3071 1294 3131 in
1318 3076 1437 3134 senatu

265 3178 411 3260 dixerat,
438 3178 555 3241 eodem
580 3197 616 3240 se
640 3178 833 3241 habiturum
857 3179 942 3260 loco,
967 3179 1024 3259 qui
1042 3178 1174 3240 Romae
1197 3179 1438 3241 remansissent

266 3291 299 3349 et
318 3286 375 3368 qui
394 3287 428 3347 in
448 3286 569 3348 castris
590 3282 746 3347 Caesaris
762 3282 1101 3366 fuissent“.—Quam
1115 3284 1261 3347 ridicula
1280 3287 1324 3348 sit
1339 3289 1438 3368 atque

266 3414 355 3458 vana
378 3413 419 3456 ea
437 3413 540 3457 causa
559 3414 580 3457 a
594 3392 739 3458 Caesare
759 3394 971 3476 interposita,
992 3412 1277 3474 supervacaneum
1297 3399 1347 3455 est
1365 3394 1436 3475 plu-

266 3502 358 3564 ribus
382 3501 494 3563 dicere
517 3520 622 3581 eoque
643 3500 763 3582 magis,
786 3500 872 3582 quod
892 3501 999 3563 Dione
1022 3505 1158 3562 auctore
1178 3499 1274 3562 illum
1293 3500 1328 3561 in
1347 3519 1437 3563 men·

266 3609 361 3671 dacio
387 3606 633 3688 deprehendere
657 3627 846 3688 possumus.
874 3607 960 3669 Nam
985 3626 1060 3669 oum
1085 3606 1163 3689 Dio,
1191 3607 1283 3669 cuius
1307 3605 1348 3669 de
1373 3606 1438 3670 fide

267 3716 415 3778 dubitari
438 3715 564 3797 nequit,
590 3715 688 3796 plane
712 3714 803 3776 dicat
827 3713 930 3796 (XLI,
950 3715 1007 3794 16,
1033 3714 1065 3777 4:
1093 3710 1127 3776 oi
1148 3708 1303 3796 πρέσβεις
1326 3710 1359 3776 οἱ
1381 3709 1439 3786 τὰς

266 3817 470 3904 καταλλαγὰς
494 3823 601 3905 δῆθεν
623 3817 900 3905 πρυτανεύσαντας
923 3818 1094 3905 ᾑρέθησαν
1115 3817 1189 3903 μέν,
1210 3817 1271 3884 οὐκ
1294 3819 1439 3904 ἐξῆλθον

266 3912 318 4009 δ’έ,
343 3923 410 3995 αλλ’
439 3927 490 3993 ὅτι
513 3924 568 3992 καὶ
598 3926 746 4013 ἐμνήσθη
774 3924 856 3993 ποτὲ
883 3925 959 4013 περὶ
987 3925 1097 3994 αὐτῶν
1125 3925 1144 3991 ὁ
1174 3924 1291 3993 Πίσων
1315 3923 1334 3990 ὁ
1362 3950 1438 3993 πεν-

266 4034 368 4121 θερὸς
390 4034 492 4100 αὐτοῦ
515 4032 624 4100 αἰτίαν
647 4035 746 4118 ἔσχε)
767 4038 897 4119 legatos
922 4037 1069 4099 delectos
1100 4054 1173 4098 esse
1192 4040 1226 4099 et
1253 4054 1314 4116 per
1337 4024 1438 4097 unum
