3196 4634
865 219 1040 280 -42-
1129 183 1132 189 ’

374 366 562 427 Ariminum
586 366 681 426 missi
705 363 780 426 inde
804 364 872 425 iam
893 383 924 424 a.
951 362 983 425 d.
1006 362 1072 424 XII
1091 362 1168 425 Kal.
1193 362 1291 425 Febr.
1313 363 1533 443 profectisunt

373 480 471 554 atque
496 493 527 535 a.
554 472 587 534 d.
611 472 691 534 VIII
706 470 783 533 Kal.
806 471 905 533 Febr.
928 469 1077 532 Teanum
1098 474 1338 550 pervenerunt!
1362 468 1466 532 Vides
1480 469 1532 549 igi-

367 584 438 661 tur,
465 598 566 659 qnam
589 597 750 659 perversa
765 578 808 639 sit
830 577 891 639 illa
912 575 1081 639 sententia
1105 576 1224 655 Langii
1238 594 1402 657 quamque
1423 575 1532 638 abhor·
1562 634 1566 645 ,

372 689 446 746 reat
471 685 512 747 ab
536 684 590 765 iis,
617 702 701 765 quae
716 684 895 763 scriptores
911 680 1132 744 tradiderunt.
1155 681 1272 760 Neque
1292 682 1381 743 enim
1396 680 1534 744 dubitari

371 810 471 872 posse
495 791 577 853 mihi
602 790 750 872 videtur,
776 790 857 870 quin
880 789 932 850 illi
955 789 1048 870 pacis
1078 788 1288 870 internuntii,
1314 808 1390 850 cum
1419 789 1534 851 Arimi-

372 919 451 972 num
476 898 704 978 advenissent,
731 904 764 960 et
787 899 837 959 rei
860 895 1038 958 mandatae
1063 915 1161 976 quam
1186 894 1445 977 diligentissime
1469 914 1536 977 per·

372 1006 561 1087 sequendae
594 1012 627 1069 et
660 1007 710 1068 sui
738 1025 780 1067 ex
812 1005 943 1066 itineris
975 1004 1144 1067 laboribus
1176 1003 1348 1067 reficiendi
1377 1023 1481 1066 causa
1506 1004 1537 1064 in

371 1110 528 1176 Caesaris
553 1113 671 1176 castris
694 1112 888 1174 commorati
912 1111 978 1172 sint
1002 1110 1129 1192 aliquot
1151 1110 1235 1193 dies,
1261 1111 1374 1173 nescio
1399 1130 1443 1172 an
1470 1112 1537 1173 toti·

372 1219 459 1301 dem,
487 1226 568 1299 quot
590 1225 705 1301 postea
729 1218 925 1281 commorati
946 1222 1022 1279 sunt
1042 1216 1129 1298 apud
1144 1218 1365 1298 Pompeianos
1389 1217 1494 1279 Teani
1510 1224 1538 1280 et

371 1323 507 1408 Capuae
531 1327 570 1405 (i.
597 1345 625 1388 e.
654 1325 812 1407 triduum3
842 1344 920 1386 nam
949 1342 989 1386 ex
1024 1344 1054 1387 a.
1081 1323 1114 1385 d.
1141 1324 1220 1386 VIII
1246 1343 1344 1406 usque
1374 1323 1418 1386 ad
1448 1344 1481 1385 a.
1508 1323 1534 1385 d.

371 1435 420 1496 VI
443 1433 587 1497 Kalend.
614 1434 776 1496 Februar.
808 1451 863 1496 eos
887 1433 922 1493 in
951 1432 1021 1493 illis
1046 1431 1175 1513 oppidis
1202 1433 1303 1494 fuisse
1327 1451 1429 1513 supra
1456 1432 1535 1494 vidi·
1586 1464 1587 1473 κ

370 1542 470 1621 mus).
497 1541 549 1602 Ex
574 1559 638 1620 quo
660 1540 813 1620 efflatur,
837 1540 949 1601 statIm
974 1540 1090 1601 nuntio
1111 1537 1152 1601 de
1172 1536 1328 1602 Caesaris
1348 1522 1536 1603 iucursione

370 1648 513 1710 Romam
537 1647 670 1708 circiter
695 1666 726 1708 a.
753 1645 786 1706 d.
813 1645 862 1706 III
876 1644 929 1707 vel
949 1644 1058 1725 pridie
1078 1644 1154 1706 Idus
1170 1645 1345 1708 lanuarias
1367 1646 1472 1709 allato
1489 1666 1536 1710 eos

370 1754 491 1816 missos
516 1771 590 1815 esse
613 1751 804 1813 Ariminum
827 1749 868 1813 de
893 1770 975 1832 pace
1000 1758 1146 1813 acturos.
1585 1824 1587 1839 ι

414 1858 477 1922 Sed
502 1864 613 1921 tamen
637 1878 691 1920 res
716 1856 758 1919 ad
774 1856 986 1919 concordiam
1002 1856 1146 1919 adducta
1160 1876 1226 1920 non
1251 1863 1313 1920 est.
1335 1859 1430 1939 Quod
1445 1879 1535 1941 prae·

370 1968 465 2047 cipue
489 1963 629 2029 Caesari
652 1967 687 2027 in
713 1966 844 2046 culpam
868 1964 1149 2030 ,convertendum
1165 1985 1236 2028 esse
1260 1985 1299 2029 eo
1324 1967 1432 2048 magis
1461 1969 1537 2030 mihi

370 2092 568 2154 persuasum
584 2074 704 2151 habeo,
722 2092 786 2153 quo
803 2072 955 2153 pluribus
972 2072 1320 2154 splendidioribusque
1335 2075 1449 2137 verbis
1467 2096 1534 2139 eum

370 2182 404 2241 in
429 2181 676 2243 commentariis
701 2181 768 2242 suis
794 2198 829 2242 se
843 2181 935 2261 pacis
951 2181 1228 2263 amantissimum,
1254 2186 1288 2242 at
1303 2186 1422 2244 contra
1445 2184 1532 2247 Pom·

370 2290 480 2369 poium
505 2287 748 2366 iniquissimum
777 2287 1140 2366 insolentissimumque
1164 2287 1265 2350 fuisse
1295 2289 1466 2353 affirmare
1490 2291 1532 2350 vi·

369 2395 444 2458 deo.
471 2395 523 2456 An
548 2395 703 2475 scriptori
719 2395 802 2456 talia
825 2394 1005 2455 affirmanti
1029 2391 1127 2455 fidem
1147 2393 1335 2456 habendam
1355 2414 1429 2458 esse
1455 2399 1531 2460 exis·

373 2502 485 2583 timae,
511 2521 585 2564 cum
610 2501 709 2581 plane
740 2500 952 2582 perspicuum
985 2501 1040 2582 sit,
1068 2519 1141 2562 eum
1165 2500 1200 2561 in
1224 2502 1298 2582 ipso
1323 2500 1472 2566 adventu
1495 2505 1532 2566 le·

369 2614 522 2687 gatorum
546 2606 740 2687 exponendo
769 2627 790 2669 a
817 2607 961 2669 veritate
989 2605 1185 2669 deflectere?
1213 2606 1297 2689 Quid
1326 2610 1415 2671 enim
1448 2609 1533 2673 aliud

370 2733 468 2794 quam
494 2714 666 2775 historiam
690 2713 867 2796 depravat,
888 2713 944 2794 qui
968 2732 1038 2775 rem
1063 2714 1112 2774 ita
1130 2719 1277 2795 enarrat,
1304 2721 1340 2777 ut
1362 2720 1438 2778 cum
1459 2715 1532 2780 Cae·

371 2840 480 2883 sarem
505 2821 662 2904 priorem,
680 2830 746 2883 non
769 2821 963 2902 Pompeium
983 2819 1025 2883 de
1049 2840 1132 2901 pace
1157 2841 1255 2902 agere
1280 2824 1441 2907 coepisse,
1472 2832 1533 2887 tum

370 2927 467 2989 huius
492 2925 651 2989 mandata
678 2928 803 3007 privati
832 2927 934 2989 officii
961 2927 1088 2989 similia
1111 2947 1176 2990 non
1206 2933 1274 2990 tam
1302 2928 1345 2992 ad
1377 2931 1533 2994 levandas

369 3035 511 3097 iniurias
529 3033 880 3115 reconciliandumque
899 3035 1044 3115 gratiam
1061 3052 1160 3114 quam
1185 3035 1227 3098 ad
1246 3037 1441 3119 Pompeium
1457 3036 1533 3102 Cae·

370 3144 439 3205 sari
464 3142 591 3204 insulse
616 3142 827 3223 purgandum
851 3144 1054 3223 pertinuisse
1080 3143 1216 3206 credas?
1244 3144 1467 3227 Pompeiusue
1489 3165 1532 3208 se·

369 3253 534 3330 natusque
563 3254 599 3311 ut
627 3250 858 3312 excusationes
887 3248 930 3312 ad
958 3246 1137 3313 Caesarem
1166 3251 1320 3332 paraturi
1350 3253 1533 3315 Ariminum

369 3357 523 3418 miserint
544 3355 627 3419 duos
651 3356 798 3438 legatos?
822 3357 860 3419 L.
883 3353 1010 3419 Caesar
1033 3363 1069 3418 ut
1088 3357 1234 3420 confecto
1259 3357 1392 3421 demum
1412 3360 1532 3442 reliquo

368 3481 519 3525 sermone
543 3481 617 3525 cum
632 3460 779 3526 Caesare
804 3469 971 3545 tamquam
987 3463 1096 3526 obiter
1121 3464 1304 3527 collocutus
1321 3465 1366 3527 sit
1381 3465 1422 3530 de
1443 3468 1530 3529 Pom·

367 3572 423 3652 pei
447 3569 630 3634 mandatis?
654 3571 797 3634 Roscius
825 3576 974 3654 praetor,
1000 3576 1137 3652 praetor
1160 3574 1307 3655 mquam,
1339 3579 1377 3636 ut
1405 3575 1529 3638 easdem

368 3697 475 3758 nugas
501 3678 697 3759 garriverit,
723 3699 806 3760 quas
831 3679 869 3742 L.
896 3675 1077 3741 Caesarem
1105 3680 1308 3760 garrientem
1338 3681 1433 3763 fingit
1455 3678 1528 3745 Cae·

369 3780 485 3864 sarl³⁹l
498 3783 614 3847 -Sed
639 3785 721 3847 satis
745 3785 882 3849 dehoc.
909 3785 1116 3849 Accedamus
1138 3788 1206 3849 iarn
1226 3787 1269 3850 ad
1288 3806 1341 3870 ea,
1362 3808 1449 3869 qnae
1466 3790 1528 3869 ipse

403 4015 439 4083 ³⁹)
460 4012 545 4070 Caes.
567 4013 591 4081 Ι,
611 4016 639 4081 8,
660 4015 743 4071 2-4:
766 4016 827 4086 „Eo
853 4016 885 4087 [i.
910 4032 934 4072 e.
958 4015 1135 4085 Ariminum]
1165 4016 1199 4072 L.
1231 4016 1341 4074 Caesar
1369 4018 1526 4076 adulescens
