3196 4634
728 244 731 249 ’
818 253 990 315 -34-

242 380 244 387 ’
314 398 348 458 iri
362 397 437 459 illos
448 401 663 459 contumaces
679 394 854 458 vindicare
869 400 1006 476 possent
1019 396 1100 474 (Dio
1115 396 1172 478 41,
1189 396 1284 477 3,1).
1301 397 1412 478 Itaque
1426 416 1466 458 se·

183 517 185 522 ’
223 522 227 527 ·
313 503 489 585 quentibus
505 502 621 565 diebus
639 503 679 581 (i.
697 521 726 565 e.
746 522 778 564 a.
798 501 830 564 d.
849 501 897 563 ΙΙΙ
913 507 945 564 et
958 501 1068 582 pridie
1084 501 1200 564 Nonas
1215 502 1406 580 Ianuarias)
1420 503 1467 563 tri·

314 611 407 691 buni,
433 611 659 691 centuriones,
674 610 807 672 evocati
823 628 864 671 ex
874 609 1044 671 veteribus
1059 609 1196 689 Pompei
1210 609 1412 671 exercitibus
1426 628 1470 670 ar-

314 718 426 780 cessiti
447 722 551 781 totam
575 717 691 779 urbem
716 721 750 779 et
767 718 877 798 ipsum
903 716 1072 778 comitium
1092 717 1353 799 compleverant,
1385 721 1471 796 atque
1549 744 1550 749 1

314 845 393 887 mox
416 827 528 887 omnia
547 823 630 887 adeo
650 825 736 888 bello
755 824 894 886 instanti
914 824 1107 904 strepebant
1127 830 1160 886 et
1178 823 1323 906 undique
1341 826 1392 886 vis
1417 829 1472 885 ter·

261 942 285 1012 J
314 950 471 1012 roresque
495 930 743 1013 impendebant,
766 934 803 991 ut
816 926 1032 992 Caesarianis
1056 930 1124 992 iam
1143 929 1233 992 haud
1252 930 1416 993 incertum
1430 947 1472 991 re·
1547 906 1548 987 Ῑ

314 1038 521 1120 linqueretur
541 1055 600 1099 nec
622 1055 657 1098 se
678 1036 802 1099 diutius
827 1042 913 1098 tutos
933 1037 1003 1098 fore
1023 1055 1084 1098 nec
1103 1054 1221 1117 pacem
1241 1041 1411 1099 servatum
1424 1036 1472 1096 iri.

315 1148 406 1226 Quae
443 1162 518 1205 cum
552 1145 600 1206 ita
635 1149 757 1224 essent,
793 1144 904 1205 facere
942 1161 1006 1205 non
1035 1161 1183 1225 possum,
1221 1144 1301 1225 quin
1329 1161 1387 1205 ecs
1415 1143 1474 1205 iam

316 1254 384 1312 tum
408 1251 448 1327 [i.
474 1269 503 1312 e.
531 1250 667 1311 circiter
690 1247 801 1330 pridie
829 1248 944 1310 Nonas
968 1248 1162 1328 Ianuarias)
1185 1248 1226 1311 de
1255 1250 1407 1311 omnibus
1432 1267 1475 1310 re·

273 1413 277 1420 .
314 1357 374 1418 bus
399 1355 655 1437 diligentissime
690 1353 732 1416 ad
765 1350 948 1417 Caesarem
977 1356 1153 1436 scripsisse
1182 1360 1280 1439 etque
1308 1375 1398 1439 eum,
1427 1355 1476 1417 ubi

314 1464 446 1527 litteras
471 1482 585 1525 eorum
619 1462 817 1544 accepisset,
853 1460 942 1524 houd
966 1460 1024 1523 diu
1048 1467 1226 1544 moratum,
1261 1469 1298 1524 ut
1330 1463 1477 1525 inimicos

315 1588 389 1631 suos
408 1571 604 1649 necopinato
624 1570 749 1650 impetu
770 1574 912 1630 terreret
931 1572 963 1631 et
981 1568 1150 1631 faciliores
1170 1569 1423 1653 paratioresque
1441 1568 1478 1632 ad

314 1675 558 1739 concedendum
584 1674 724 1738 reddere
750 1679 941 1755 conaretur,
967 1680 1026 1737 aut
1049 1694 1080 1736 a.
1108 1673 1141 1736 d.
1171 1675 1235 1736 VII
1259 1674 1337 1737 Idus
1362 1677 1477 1738 Ianua·

316 1784 383 1845 rias
410 1788 467 1846 aut
492 1804 523 1846 a.
551 1783 583 1846 d.
606 1784 654 1845 VI
673 1783 721 1845 Id.
744 1784 818 1845 Ian.
841 1784 901 1846 sub
921 1802 1098 1864 vesperum
1117 1783 1281 1847 Ravenna
1301 1786 1479 1866 profectum

317 1894 361 1970 et,
388 1908 429 1952 ne
444 1890 543 1951 nimis
558 1891 674 1970 gravis
705 1891 916 1952 machinator
931 1889 1012 1952 belli
1039 1887 1223 1961 videretur,
1254 1891 1380 1953 milites
1411 1910 1480 1954 suos

314 2000 435 2077 pacato
459 1996 576 2058 habitu
600 2001 734 2059 ornatos
757 1997 791 2058 in
817 1995 1012 2076 occupando
1038 1995 1190 2058 Arimino
1214 2001 1263 2075 (a.
1290 1996 1322 2059 d.
1351 1999 1400 2061 VI
1429 2002 1481 2060 aut

316 2103 346 2163 V
370 2102 420 2167 Id.
447 2104 519 2165 Ian.
545 2104 653 2183 primo
677 2105 791 2180 mane)
815 2121 946 2164 summa
969 2102 1108 2165 lenitate
1132 2103 1181 2177 uti
1200 2104 1340 2165 iussisse
1367 2106 1480 2168 existi·

314 2229 413 2273 mem.
440 2210 529 2273 Nam
553 2211 616 2274 etsi
641 2230 715 2272 cum
740 2229 782 2272 ea
815 2215 1001 2291 temporum
1034 2208 1271 2292 descriptione,
1308 2210 1351 2273 ad
1383 2233 1480 2295 quam

315 2320 386 2380 tote
410 2319 493 2380 haee
519 2317 703 2399 disputatio
724 2318 903 2399 spectavit,
926 2337 1028 2378 unum
1051 2317 1148 2398 illud,
1174 2317 1262 2399 quod
1280 2319 1480 2382 Plutarchus

313 2421 427 2502 (Caes.
454 2426 497 2487 35
517 2429 551 2487 et
567 2425 684 2506 Pomp.
706 2426 765 2504 63)
784 2422 966 2487 Gaesarem
985 2425 1142 2505 Pompeio
1162 2444 1203 2486 ex
1221 2425 1322 2487 Italia
1341 2429 1480 2508 expulso

315 2532 555 2614 Brundisioque
579 2538 711 2614 recepto
730 2534 908 2613 sexaginta
927 2531 1056 2595 dierum
1076 2533 1186 2613 spatio
1208 2537 1279 2595 tota
1301 2534 1406 2596 Italia
1430 2555 1480 2617 po·

314 2640 411 2701 titum
436 2658 509 2702 esse
533 2639 628 2721 dicit,
654 2640 754 2720 plane
779 2639 974 2721 discrepare
1003 2639 1149 2721 videtur,
1175 2639 1210 2702 id
1236 2647 1347 2703 tamen
1373 2650 1479 2706 osten·

314 2869 330 2936 ὴ
349 2864 449 2936 μέντοι
477 2862 574 2937 γνώμη
595 2863 759 2938 συνεγράφη
779 2864 829 2922 καὶ
847 2865 881 2922 τὸ
900 2862 986 2937 ἔργον
1006 2863 1039 2921 τὸ
1058 2862 1107 2921 ἀπ’
1128 2866 1215 2937 αὐτῆς
1234 2864 1359 2938 ἐγένετο·
1380 2866 1484 2933 πάντες

314 2968 369 3044 γὰρ
389 2979 567 3044 παραχρῆμα
587 2959 759 3038 tieldones-¹
773 2971 807 3028 ἐκ
827 2981 878 3028 τοῦ
899 2969 1047 3043 συνεδρίου
1072 2971 1122 3028 καὶ
1146 2972 1197 3041 τὴν
1227 2974 1331 3042 στολὴν
1360 2982 1485 3049 μεταβα-

314 3077 413 3145 λόντες
431 3077 560 3150 ἐσῆλθον
580 3074 665 3144 αὖθις
684 3078 734 3135 καὶ
751 3078 818 3151 περὶ
836 3074 975 3150 τιμωρίας
994 3077 1088 3136 αὐτῶν
1103 3076 1310 3153 ἐβουλεύοντο)
1323 3087 1354 3139 et
1368 3081 1486 3141 Plutar-

314 3189 399 3245 chum
418 3189 516 3259 (Caes
537 3191 573 3246 30
591 3193 665 3245 extr.
686 3190 790 3259 Pomp.
812 3192 848 3247 59
864 3188 944 3258 init.)
964 3189 1056 3245 secuti
1080 3188 1161 3245 illam
1189 3194 1307 3249 senatus
1327 3191 1486 3248 auetorita-

283 3332 286 3338 -
313 3301 373 3352 tem
401 3311 427 3352 a.
447 3296 475 3352 d.
497 3295 548 3353 IV.
578 3295 678 3352 Nonas
705 3296 856 3353 Ianuarias
885 3296 1085 3368 perscriptam
1113 3311 1188 3363 esse,
1214 3312 1251 3353 an
1280 3313 1316 3354 ex
1341 3313 1386 3365 eo,
1408 3299 1486 3369 quod

315 3402 420 3461 Cicero
441 3401 491 3475 (ad
509 3401 577 3459 fam.
599 3403 681 3471 XVI,
704 3406 747 3471 11,
767 3406 797 3472 2)
816 3403 872 3461 sihi
892 3403 929 3461 ad
952 3404 1054 3462 urbem
1078 3404 1229 3461 accedenti
1258 3420 1301 3476 pr.
1323 3405 1399 3463 Non.
1421 3407 1484 3464 Ian.

314 3511 430 3568 obviam
450 3509 493 3566 sic
512 3507 576 3567 esse
595 3509 742 3582 proditum
762 3509 843 3579 dicit,
864 3515 896 3567 ut
915 3510 987 3567 nihil
1006 3515 1105 3581 posset
1123 3509 1189 3567 fieri
1209 3511 1352 3579 ornatius,
1373 3519 1485 3571 vestem

313 3633 332 3674 a
359 3614 543 3673 senatoribus
571 3616 663 3673 Nonis
692 3616 807 3673 demum
835 3621 977 3673 mutatam
1000 3632 1065 3673 esse
1088 3616 1228 3688 colligere
1251 3616 1418 3675 debeamus.
1445 3620 1486 3678 Ut

314 3725 392 3782 enim
411 3724 528 3782 illorum
548 3724 725 3796 scriptorum
744 3725 969 3796 indiligentiam,
991 3726 1075 3783 huius
1103 3726 1190 3784 iidem
1217 3727 1388 3798 respicienti
1412 3727 1485 3784 mihi

314 3830 497 3904 probabilior
516 3846 581 3887 esse
601 3830 716 3889 videtur
735 3833 809 3890 haec
828 3833 982 3896 sententia,
994 3832 1094 3889 -nisi
1114 3833 1163 3904 qui
1186 3831 1263 3890 forte
1287 3835 1389 3891 ambas
1407 3834 1484 3892 inter

315 3954 347 3995 se
366 3936 520 3995 coriciliari
538 3951 626 4007 posse
641 3939 820 4009 putat-ita
839 3942 933 3995 totam
952 3954 1014 3995 rem
1029 3937 1149 3995 levioris
1165 3954 1229 3995 esse
1244 3912 1385 3995 momenti
1398 3938 1483 3996 facile

315 4044 508 4112 concesseris,
530 4059 616 4115 quani
636 4047 668 4100 ut
686 4045 817 4116 pluribus
836 4046 933 4104 verbis
952 4046 982 4102 in
1001 4061 1036 4102 ea
1055 4060 1278 4103 commoremur.
