3196 4634
793 267 965 328 ,74-

285 410 402 491 possit,
428 411 618 491 exspoliare
638 411 789 474 exercitu
804 418 836 473 et
851 411 1026 491 provincia
1044 411 1362 492 Pompeium-nisi
1378 413 1455 473 forte

286 516 351 578 iste
373 517 580 578 nummarius
605 517 637 580 ei
661 521 769 598 potest
791 516 1006 599 persuadere,
1033 522 1081 600 ut,
1107 517 1186 580 dum
1210 521 1360 580 oratores
1386 521 1456 580 eant

286 627 318 685 et
342 623 495 706 redeant,
520 625 745 706 quiescat-z
772 624 858 686 nihil
885 623 997 706 video,
1023 624 1108 708 quod
1139 644 1269 706 sperem
1294 630 1354 687 aut
1378 623 1457 707 quod

286 729 354 792 iam
378 735 491 810 putem
516 730 590 792 fieri
613 727 732 811 possel
757 730 816 810 (ad
841 730 912 795 Att.
934 730 978 812 X,
1001 731 1034 812 1,
1059 732 1106 810 3).
1133 730 1225 793 Idem
1250 731 1365 812 paullo
1390 735 1458 812 post

286 837 317 912 (ὅ
339 835 388 912 4);
417 834 479 919 ,de
504 854 601 919 pace,
626 837 746 920 inquit,
773 836 862 899 idem
886 837 1004 919 sentio,
1028 835 1116 918 quod
1137 844 1185 917 tu,
1212 837 1458 900 simulationem

286 959 356 1003 esse
381 945 543 1022 apertam,
570 944 686 1023 parari
711 947 821 1006 autem
844 943 971 1006 bellum
995 940 1194 1005 acerrime&
1316 1020 1320 1027 ¹

332 1047 399 1108 Vi'x
424 1048 491 1110 alio
521 1050 839 1111 commentariorum
868 1049 940 1112 loco
969 1046 1095 1112 Caesar
1124 1049 1232 1130 magis
1261 1068 1282 1112 a
1315 1051 1488 1112 veritate·

287 1151 433 1234 deflexit,
460 1173 559 1236 quam
583 1156 659 1238 hcc,
681 1174 743 1236 quo
768 1155 809 1218 de
833 1156 930 1218 rebus
956 1154 1000 1217 ad
1019 1155 1133 1218 urbem
1158 1174 1179 1216 a
1198 1173 1234 1217 se
1259 1156 1342 1218 actis
1363 1174 1459 1237 expo·

287 1262 363 1323 snit.
391 1261 480 1325 Nam
504 1267 681 1344 postquam
700 1263 909 1346 longissima,
932 1282 1031 1344 quam
1056 1281 1160 1343 supra
1176 1262 1361 1344 attulimus,
1387 1283 1459 1326 ora·

287 1368 378 1431 tione
401 1368 442 1431 de
467 1369 599 1432 iniuriis
633 1389 654 1432 a
681 1370 894 1451 Pompeianis
918 1370 983 1433 sibi
1007 1370 1112 1432 illatis
1136 1374 1338 1451 conquestus
1370 1388 1462 1433 suam

285 1474 542 1558 indulgentiam,
574 1476 800 1559 clementiam,
830 1476 1097 1557 placabilitatem
1126 1476 1338 1557 praedicavit
1363 1483 1462 1559 atque

286 1587 439 1645 senatum
463 1583 561 1665 falso,
583 1588 619 1646 ut
638 1584 736 1671 modo
752 1583 1069 1667 demonstravimus,
1091 1585 1277 1666 accusavit,
1297 1585 1387 1664 quod
1401 1604 1461 1668 per

287 1708 361 1751 eum
386 1689 544 1773 stetisset,
562 1692 738 1771 quominus
762 1692 877 1772 legati,
899 1710 981 1773 quos
1001 1692 1074 1772 ipse
1090 1692 1192 1754 etiam
1212 1697 1281 1753 tum
1296 1691 1340 1754 ad
1364 1693 1461 1754 Pom-

286 1796 398 1876 peium
422 1796 556 1859 mittere
576 1796 752 1880 voluisset,
769 1797 970 1878 eligerentur
984 1796 1298 1880 egrederenturque,
1320 1798 1372 1860 his
1388 1817 1461 1871 ver,-

286 1902 337 1964 bis
361 1905 472 1984 pergit
493 1903 537 1985 (I,
559 1905 614 1987 33,
641 1906 690 1983 3):
719 1903 907 1989 ,Subicitur
926 1904 1028 1966 etiam
1052 1904 1089 1966 L.
1112 1904 1284 1985 Metellus,
1306 1905 1460 1967 tribunus

282 2010 403 2091 plebis,
431 2012 472 2074 ab
496 2010 839 2094 inimicis‘ansaris,
865 2012 921 2091 qui
945 2012 1033 2074 hanc
1056 2030 1126 2074 rem
1150 2012 1199 2092 [id
1226 2019 1288 2074 est:
1316 2031 1387 2075 rem
1412 2012 1454 2076 de

285 2115 457 2180 mittendis
473 2118 608 2198 legatis]
624 2117 789 2180 distrahat
803 2118 1015 2200 reliquasque
1030 2137 1098 2200 res,
1116 2137 1343 2199 quascumque
1358 2138 1459 2201 agere

285 2225 483 2308 instituerit,
508 2223 703 2307 impediat&
731 2225 824 2308 Quae
844 2227 949 2290 verba
972 2246 1046 2289 cum
1071 2246 1189 2308 parum
1210 2226 1347 2289 subtilia
1366 2246 1460 2309 pres·

285 2324 398 2413 saque,
432 2332 534 2395 immo
557 2314 636 2395 vero
662 2334 751 2395 tecta
776 2352 850 2395 esse
879 2338 1052 2415 appareat,
1070 2332 1218 2397 dubitari
1246 2352 1313 2395 non
1340 2338 1462 2416 potest,

285 2437 364 2517 quin
389 2435 517 2501 Caesar
541 2457 581 2500 ea
605 2439 669 2501 hac
698 2444 811 2503 mente
839 2440 968 2522 fecerit,
999 2445 1035 2501 ut
1064 2439 1190 2522 aliquid
1217 2439 1462 2504 dissimularet.

285 2542 372 2625 Quid
396 2545 459 2607 hoc
484 2545 598 2626 fuerit,
624 2563 666 2607 ex
696 2545 750 2622 iis,
776 2565 862 2628 quae
886 2546 990 2608 ceteri
1018 2546 1198 2628 scriptores
1227 2546 1375 2629 tradunt,
1405 2548 1456 2609 in·

285 2650 468 2732 tellegitur.

329 2757 437 2840 Atque
462 2758 546 2820 mihi
572 2758 706 2840 quidem
720 2759 858 2821 minime
883 2778 954 2822 esse
979 2759 1164 2823 verisimile
1179 2760 1312 2823 videtur
1335 2760 1374 2823 L.
1392 2760 1464 2823 Me·

286 2865 414 2947 tellum,
441 2865 610 2927 tribunum
634 2867 754 2949 plebis,
771 2868 1015 2950 intercessisse,
1036 2886 1078 2930 ne
1099 2866 1202 2949 legati
1218 2867 1261 2930 ad
1283 2868 1459 2949 Pompeis-

284 2990 342 3034 nos
361 2972 572 3034 mitterentur
584 2970 637 3051 ⁷⁰).
664 2976 735 3055 Quo
749 2973 838 3035 enim
853 2973 993 3035 consilio
1010 2992 1084 3036 eum
1104 2973 1139 3035 id
1159 2974 1278 3037 fecisse
1289 2978 1456 3056 putemus,

282 3078 481 3158 praesertim
505 3096 579 3139 cum
606 3078 670 3161 illi,
691 3086 727 3141 ut
746 3098 849 3160 supra
867 3078 1171 3142 demonstravimus
1195 3080 1265 3143 iam
1287 3081 1384 3143 electi
1409 3099 1458 3143 es·

285 3186 379 3247 sent?
413 3182 478 3251 Sed
499 3187 663 3246 uteorum
682 3184 882 3265 profectioni
906 3184 1084 3266 obstiterit,
1101 3204 1179 3246 num
1208 3185 1279 3247 eius
1311 3186 1467 3247 int-eroes·

284 3291 377 3353 sione
405 3291 578 3353 existimas
602 3290 799 3354 deterritum
824 3310 897 3354 esse
921 3288 1113 3374 Caesarem,
1139 3311 1237 3375 quem
1260 3290 1380 3354 eodem
1402 3291 1461 3354 illo

285 3403 434 3478 tempore
465 3398 550 3460 alias
578 3418 632 3462 res
661 3398 823 3479 neglectis
851 3399 1144 3462 intercessionibus
1174 3400 1354 3463 confecisse
1381 3418 1458 3462 con·

232 3584 235 3593 ,
285 3507 370 3567 stet?
398 3505 503 3568 Immo
533 3506 621 3568 enim
649 3525 730 3569 vero
759 3506 975 3587 perspicuum
1009 3512 1071 3590 est,
1102 3513 1279 3591 utcumque
1308 3526 1344 3571 se
1372 3506 1455 3569 illud

285 3611 453 3693 habuerit,
484 3609 664 3675 Caesarem
693 3631 902 3693 nequaqnam
930 3614 1016 3676 bona
1044 3613 1110 3676 fide
1139 3613 1179 3677 de
1206 3613 1379 3677 mittendis
1408 3613 1451 3674 le·

319 3842 354 3909 ⁷⁰)
376 3839 503 3897 Tantum
523 3840 600 3896 enim
620 3841 712 3909 abest,
732 3846 765 3897 ut
783 3850 834 3897 ant
855 3838 1030 3898 Plutarchus
1049 3847 1099 3899 aut
1118 3841 1211 3899 ceteri
1224 3842 1387 3913 scriptores
1403 3841 1462 3898 eius

283 3946 327 4003 rei
346 3947 525 4004 mentionem
544 3946 664 4017 faciant,
684 3951 715 4002 ut
734 3963 771 4004 ex
789 3947 826 4004 iis
845 3946 933 4018 plane
947 3948 1079 4020 intellegi
1093 3949 1188 4020 possit
1202 3949 1353 4007 Metellum
1367 3949 1461 4006 tribu·

279 4068 349 4110 num
368 4069 426 4109 non
445 4052 645 4110 intercessisse
665 4051 787 4110 Caesari
805 4054 862 4110 nisi
882 4055 1030 4111 aerarium
1050 4057 1235 4128 expilaturo.
