3196 4634
748 212 902 274 ..g-

245 352 466 441 („Ocmment.
490 352 620 436 epigr.“
637 375 671 437 p.
694 355 758 417 317
775 358 864 437 seq.)
880 361 912 418 et
925 356 1121 436 Marquardt
1134 356 1270 444 (,,11ὂ111.
1288 357 1414 451 Staats-

245 457 426 524 verwalt.“
451 459 494 544 1²,
520 481 554 542 p.
586 460 651 524 116
681 481 757 523 cnm
784 466 863 524 nota
891 464 927 541 3)
953 468 1042 525 recte
1070 467 1203 526 monent
1229 462 1416 526 verendum

245 587 331 652 esse,
349 572 384 629 ut
399 566 525 632 Caesar
544 569 639 631 illam
654 588 725 631 rem
739 570 928 649 perfecerit.
946 569 1064 651 Neque
1079 568 1228 633 Thouret
1241 574 1290 651 (p.
1306 571 1415 634 336-

245 674 327 753 337)
351 694 425 737 cum
449 674 643 737 Suetonium
667 694 750 737 vera
772 674 899 738 dixisse
924 694 1102 757 omnesque
1128 695 1199 760 eos,
1225 678 1282 757 qui
1306 697 1326 739 a
1348 677 1416 738 fru-

246 781 450 844 mentatione
483 781 608 843 exclusi
637 786 713 843 sunt
745 782 819 860 (qui
847 791 943 844 erant
976 786 1109 844 centnm
1141 786 1175 845 et
1203 783 1418 864 septuaginta

245 889 367 973 milia),
394 890 484 952 cives
509 889 610 951 fnisse
630 894 736 972 putet,
758 890 828 952 ulla
846 890 974 952 ratione
998 890 1169 971 explicare
1188 895 1308 973 potest,
1336 909 1415 971 quo-

245 1015 324 1058 nam
349 994 499 1058 deductis
523 995 563 1058 de
587 995 646 1057 111ο
675 1014 812 1057 numero
836 997 1002 1077 octoginta
1023 997 1159 1059 milibus
1185 997 1328 1060 abierim
1358 1016 1417 1059 no·
1462 1026 1483 1051 e

246 1104 385 1184 noginto
408 1104 515 1188 milia,
542 1122 627 1183 quae
652 1109 842 1187 supersunt,
874 1123 912 1166 ac
937 1122 1001 1184 qno
1024 1104 1124 1168 modo
1147 1106 1270 1168 factum
1300 1106 1355 1187 sit,
1381 1109 1419 1167 ut

247 1230 288 1274 ea
313 1231 333 1273 a
356 1211 613 1273 frumentatione
639 1210 906 1273 excluderentur.
1328 1192 1333 1201 ¹

291 1316 559 1399 Quamobrem
584 1318 668 1380 mihi
692 1317 826 1398 quidem
854 1317 990 1381 dubium
1014 1326 1168 1402 nonest,
1195 1320 1275 1399 quin
1299 1319 1416 1382 Sueto·
1442 1398 1444 1402 μ

245 1424 302 1487 nio
316 1425 425 1486 minor
440 1423 523 1485 fides
540 1423 716 1486 tribuenda
731 1425 773 1485 sit
786 1443 884 1505 quam
895 1421 1013 1488 Cassio
1029 1424 1131 1487 Dioni
1145 1424 1416 1510 (XL111,21,4)‚

247 1533 304 1612 qui
327 1532 389 1593 illa
408 1536 539 1594 centum
559 1536 591 1594 et
612 1533 823 1613 septuaginta
842 1532 937 1595 milia
951 1534 1121 1596 hominum
1141 1529 1322 1596 aCaesare
1343 1532 1418 1597 ideo

246 1639 402 1702 exclusos
427 1657 500 1700 esse
525 1637 620 1721 dicit,
646 1638 731 1718 quod
755 1639 927 1701 civitatem
951 1640 1076 1702 iniuria
1099 1641 1320 1721 arripuissent
1331 1641 1409 1719 (cfr.

245 1746 431 1807 Mommsen
456 1745 541 1830 „Die
565 1746 730 1807 romische
755 1742 897 1808 Tribus“
922 1766 956 1827 p.
982 1745 1045 1807 187
1071 1748 1172 1826 seq).
1195 1745 1311 1828 Neque
1333 1747 1419 1810 haec

246 1851 437 1932 discrepant
461 1852 503 1913 ab
531 1852 586 1934 iis,
613 1870 699 1931 quae
732 1849 821 1932 apud
849 1851 1070 1914 Plutarchum
1097 1856 1130 1914 et
1158 1852 1351 1933 Appianum
1375 1851 1417 1915 de

247 1978 389 2022 recensu
412 1959 578 2039 leguntur.
605 1958 694 2021 Nam
716 1978 791 2021 cum
814 1978 874 2040 per
895 1979 930 2022 se
945 1959 1162 2040 intellegatur
1182 1978 1356 2022 numerum
1372 1961 1418 2021 ci-

246 2068 338 2128 vium
363 2066 592 2128 Romanorum
616 2066 705 2131 bello
737 2066 832 2128 civili
855 2066 956 2129 valde
981 2066 1186 2129 deminutum
1215 2086 1301 2149 esse,
1327 2087 1417 2129 cum-

246 2193 310 2255 que
333 2171 469 2236 Cassius
485 2174 550 2236 Dio
568 2177 682 2255 aperte
705 2173 796 2236 dicat
810 2173 951 2256 (XLIII,
969 2174 1025 2256 21,
1051 2174 1084 2235 4:
1111 2168 1167 2235 καὶ
1188 2179 1249 2237 τοῦ
1266 2170 1420 2257 πλήθους

245 2285 306 2342 τοῦ
327 2274 389 2343 τὸν
412 2287 504 2343 οῖτοο
527 2274 689 2362 φέροντος
713 2274 769 2342 ἐπὶ
794 2275 1014 2362 μακρότατον,
1045 2276 1085 2343 οὐ
1113 2275 1196 2342 κατὰ
1224 2275 1323 2363 δίκην
1346 2271 1413 2344 cu’

247 2382 293 2458 ὥς
315 2407 381 2448 που
405 2383 442 2450 e’v
465 2393 536 2458 ταῖς
560 2382 712 2451 στάσεσιν
735 2385 839 2449 εἴωθε
862 2383 1048 2468 γίγνεσθαι,
1079 2382 1326 2470 ἐπαυξηθέντος
1349 2383 1420 2467 ἐξὲ-

246 2506 340 2557 τασιν
364 2488 544 2576 ἐποιήσατο
568 2495 738 2576 [Καῖσαρ],
760 2487 817 2555 καὶ
834 2488 912 2566 τούς
935 2514 971 2574 γε
995 2488 1120 2576 ἡμίσεις
1143 2489 1226 2575 ὁμοῦ
1248 2514 1281 2555 τι
1308 2489 1421 2558 αὐτῶν

245 2595 490 2684 necunquam)
506 2601 706 2663 turbulentis
720 2601 813 2662 illius
824 2600 906 2664 belli
922 2601 1125 2681 temporibus
1137 2620 1293 2682 magnam
1312 2602 1421 2663 homi-

247 2727 325 2769 num
340 2707 590 2786 multitudinem
603 2709 640 2788 [i.
659 2727 689 2770 e.
707 2710 841 2770 centum
855 2711 889 2769 et
901 2708 1115 2788 septuaginta
1130 2708 1238 2786 milia]
1252 2709 1288 2768 iu
1302 2709 1419 2770 urbem

246 2813 445 2876 confluxisse
469 2818 502 2876 et
524 2814 650 2876 Iniuria
674 2815 838 2897 effecisse,
855 2817 892 2875 ut
911 2814 1112 2875 frumentum
1137 2815 1313 2896 acciperet,
1335 2814 1419 2875 mihi
1472 2862 1478 2871 .

247 2920 382 3001 quidem
407 2928 480 2983 esse
503 2921 715 2983 manifestum
739 2918 886 3002 videtur,
912 2919 1007 2982 illam
1027 2938 1061 2982 se
1085 2921 1270 2982 occisorum
1294 2920 1419 2982 civium

249 3028 320 3089 vioe
348 3028 530 3090 inseruisse
564 3045 703 3089 numero
732 3045 859 3107 eorum,
895 3026 951 3105 qui
979 3026 1182 3088 frumentum
1211 3026 1415 3109 acciperent,

248 3140 346 3215 atque
371 3136 435 3197 hoo
459 3134 556 3197 modo
581 3135 705 3196 factum
729 3153 815 3216 esse,
841 3138 877 3196 ut
900 3153 1056 3197 numerus
1082 3135 1228 3197 omnium
1253 3135 1416 3215 accipien-

230 3244 331 3305 ¹tium
355 3241 558 3306 frumentum
581 3261 598 3304 e
621 3241 755 3323 publico
779 3241 867 3304 idem
885 3246 973 3304 esset
997 3247 1074 3304 ante
1086 3260 1259 3303 recensum
1283 3261 1368 3304 anno
1384 3262 1416 3305 a.

247 3372 281 3413 u.
308 3369 338 3412 o.
366 3350 429 3411 708
455 3355 565 3412 actum
589 3352 688 3429 atque
718 3368 803 3411 anno
828 3350 891 3411 705
917 3353 993 3412 ante
1022 3349 1159 3411 bellum.
1190 3347 1308 3428 Itaque
1332 3349 1419 3411 nihil

248 3465 299 3521 est
330 3476 406 3520 mea
439 3458 617 3540 sententia,
648 3477 706 3518 cur
739 3458 910 3540 miremur,
941 3458 971 3519 si
999 3456 1135 3519 Asinius
1164 3455 1285 3538 Pollio,
1319 3475 1419 3537 quem

248 3583 378 3645 semper
404 3568 517 3645 aperte
542 3568 639 3647 atque
659 3566 788 3646 integre
811 3564 961 3627 iudicare
985 3564 1120 3626 solitum
1144 3582 1218 3626 esse
1237 3583 1340 3644 supra
1363 3563 1418 3627 de·

248 3672 520 3755 monstrumne,
546 3690 621 3733 oum
644 3673 754 3753 ipsum
777 3690 952 3733 recensum
968 3691 988 3732 a
1002 3667 1150 3734 Caesare
1166 3675 1284 3733 'actum
1308 3672 1417 3733 brevi·

249 3784 300 3841 ter
326 3780 487 3861 attIgerit,
510 3779 623 3841 multis
644 3784 677 3842 et
696 3779 827 3842 acerbis
847 3779 958 3841 verbis
980 3782 1117 3858 questus
1138 3779 1194 3859 sit,
1216 3797 1253 3840 eo
1275 3799 1417 3860 apparu-

248 3888 316 3949 isse
338 3905 513 3949 numerum
529 3887 652 3949 civium
673 3907 693 3949 a
712 3887 867 3949 trecentis
887 3890 921 3948 et
942 3886 1061 3967 viginti
1076 3885 1208 3947 milibus
1228 3885 1271 3948 ad
1286 3891 1419 3948 centum

249 3999 282 4057 et
297 3993 536 4075 qninquaginta
550 3993 646 4056 milia
661 3993 867 4056 deminutum
883 4011 955 4055 esse
971 3992 1060 4055 bello
1075 3992 1180 4054 civili.
1208 3989 1300 4072 Quae
1315 3992 1420 4056 verba
