3196 4634
617 190 791 251 ..39-

141 336 250 416 retium,
282 335 473 414 Pisaurum,
505 333 646 414 Fanum,
683 333 870 413 Anconam,
906 333 1072 415 Iguvium,
1104 333 1284 394 Auximum

140 443 347 524 occupavisse?
361 441 536 522 —Quibus
570 441 605 501 in
638 441 736 503 rebus
770 439 972 522 exponendis
1007 437 1186 503 Caesarem
1220 460 1285 503 non

141 550 251 612 fortuito
272 568 333 612 nec
359 553 499 627 temere,
525 546 584 610 sed
608 566 647 609 eo
670 546 813 609 oonsilio
837 547 1053 626 perturbasse
1077 545 1206 609 dierum
1231 566 1283 608 re·
1329 540 1350 579 ⁴·

139 657 252 738 tionem,
277 661 312 718 ut
337 676 399 718 sua
423 656 512 718 facta
536 673 635 735 quam
659 655 899 716 honestissima
923 659 1050 733 tegeret
1068 656 1283 736 praescripti-

139 783 200 842 one,
221 764 316 826 laeile
342 762 402 824 tibi
426 780 622 843 persuasum
642 761 686 822 iri
710 762 880 842 existimo,
908 762 936 822 si
958 761 1105 823 animum
1131 760 1283 824 adverte-

138 872 185 953 ris,
199 891 289 952 quam
304 871 475 951 ingeniose
496 870 562 931 sint
578 869 690 931 omnia
710 868 770 929 illa
785 874 946 930 enarrata
965 887 1131 950 quamque
1147 869 1281 951 idonea,

139 977 234 1055 quibus
253 978 401 1058 legentes
423 975 644 1055 adducantur,
669 985 706 1036 ut
725 971 904 1037 Caesarem
926 979 1053 1036 tantum
1073 975 1167 1037 novis
1188 975 1283 1037 Pom·
1378 992 1383 1003 ·

139 1084 180 1162 pei
207 1083 446 1164 postulatorum
478 1081 614 1143 iniuriis
645 1086 846 1143 commotum
879 1085 1097 1163 coactumque
1131 1082 1283 1144 Arimino

141 1208 326 1271 progressum
356 1208 429 1251 esse
459 1195 558 1269 atque
586 1187 659 1270 illa,
690 1207 776 1269 quae
805 1208 907 1269 snpra
935 1191 1281 1272 commemoravimus,

144 1296 239 1377 oppida
257 1297 472 1377 occupavisse
492 1293 641 1357 credant.
664 1294 714 1356 Re
734 1312 816 1356 vera
841 1294 936 1375 longe
957 1295 1056 1357 aliter
1076 1315 1111 1358 se
1126 1297 1285 1358 habuisse

143 1421 203 1483 ren,
226 1400 393 1467 Ciceronis
419 1400 583 1483 epistolae
607 1419 666 1463 nos
691 1399 823 1463 docent.
850 1400 1120 1480 Secundumeas
1144 1402 1183 1463 L.
1203 1399 1283 1465 Cae·

143 1526 180 1569 scr
199 1513 303 1591 (quem
327 1510 514 1590 principem
531 1509 626 1589 pacis
651 1509 868 1588 interpretem
892 1510 995 1571 fuisse
1015 1506 1134 1573 Cicero
1160 1511 1282 1591 signiti—
1309 1585 1312 1593 ι

142 1618 192 1693 oct)
211 1635 266 1698 per
288 1616 479 1678 Minturnas
502 1615 668 1695 profectus
687 1616 760 1693 (ubi
783 1612 899 1678 Cicero
921 1635 952 1677 a.
971 1614 1003 1677 d.
1032 1617 1114 1678 VIII
1139 1616 1281 1679 Kalend.

140 1718 273 1786 Februar.
303 1740 510 1784 maneenm
538 1719 779 1783 viderat-cf.
816 1721 859 1782 ad
891 1721 963 1784 Att.
1000 1722 1077 1805 VII,
1107 1722 1150 1783 13
1181 1725 1212 1793 b,
1248 1723 1285 1802 2)

139 1826 319 1911 Pompeium¹
335 1831 552 1911 consulesque
577 1849 607 1891 a.
635 1828 667 1891 d.
696 1830 777 1891 VIII
802 1829 879 1891 Kal.
907 1830 1007 1892 Febr.
1034 1830 1139 1893 Teani
1163 1850 1283 1895 conve-

139 1935 284 2019 nitetque
309 1956 386 2000 oum
410 1938 451 1999 eb
481 1936 523 1997 iis
548 1937 745 2017 accepisset,
776 1954 861 2016 quae
886 1935 928 1997 ad
952 1934 1132 2000 Caesarem
1160 1938 1286 2024 deferri

140 2041 290 2105 voluerunt
313 2043 472 2107 mandata
495 2040 582 2122 (Cic.
610 2042 651 2108 ad
676 2043 745 2105 Att.
769 2043 846 2124 VII,
872 2043 1083 2124 14,1),una
1106 2038 1184 2106 oum
1207 2065 1283 2108 oon-

143 2146 237 2212 sulibus
260 2148 412 2233 Capuam
430 2150 610 2233 contendit,
637 2155 675 2212 ut
697 2151 811 2232 etiam,
834 2149 913 2232 quid
943 2152 1082 2231 reliquis
1107 2153 1279 2234 Pompeia·
1400 2200 1403 2205 »

145 2254 240 2321 nisibi
263 2259 543 2322 commorantibus
564 2257 605 2321 de
631 2255 786 2322 Caesaris
810 2258 987 2339 postulatis
1006 2259 1209 2341 Pompeique
1233 2281 1282 2324 re·

143 2365 243 2439 sponsis
258 2366 417 2446 placeret,
435 2366 663 2447 exquirerent.
678 2365 832 2429 Probatis
849 2365 1183 2429 condicionibus-id
1198 2367 1285 2449 quod

114 2455 115 2459 ’
140 2484 163 2526 a.
182 2468 210 2531 d.
233 2472 280 2533 VI
304 2471 475 2535 Kalendas
506 2472 707 2535 Februarias
732 2472 885 2534 effectum
915 2492 989 2536 esse
1013 2470 1185 2536 Ciceronis
1215 2474 1283 2555 epi-

139 2576 206 2638 stola
227 2577 267 2641 ad
290 2579 439 2642 Atticum
463 2579 542 2641 data
561 2579 655 2662 (VII,
678 2580 734 2662 15,
751 2580 787 2658 2)
812 2579 954 2642 ostendit
972 2582 1030 2659 (ol.
1054 2580 1096 2642 ad
1116 2580 1187 2643 Att.
1206 2582 1282 2663 VII,

137 2677 179 2761 16,
199 2683 223 2759 1,
240 2690 271 2749 et
289 2683 446 2749 Caesaris
465 2687 571 2750 verba
589 2667 670 2748 duas
688 2706 742 2750 res
762 2685 1000 2750 confundentia
1019 2687 1063 2770 (I,
1086 2687 1143 2771 10,
1166 2689 1281 2768 1-2);

68 2838 70 2889 ,
139 2785 279 2866 ,Roscius
303 2814 378 2856 oum
395 2790 541 2856 Caesare
556 2790 706 2875 Capuam
725 2794 880 2875 pervenit
893 2794 1007 2875 ibique
1021 2797 1174 2859 consules
1189 2797 1283 2859 Pom-

68 2894 70 2979 ξ
136 2894 289 2979 peiumque
303 2896 472 2978 inveniti)
484 2936 524 2945 —
536 2901 629 2982 pacis
644 2902 844 2982 interpretes
863 2901 958 2964 nulla
971 2920 1068 2965 mora
1086 2904 1285 2984 interposita
1305 2890 1308 2895 ’

68 3042 69 3089 ,
137 2998 170 3060 ad
188 2999 358 3069 Caesarem
383 3006 572 3069 Ariminum
596 3009 764 3088 profectos
789 3027 862 3071 esse
888 3027 992 3090 eoque
1017 3010 1151 3073 circiter
1174 3009 1283 3092 pridie

68 3094 70 3177 ῗ
136 3102 281 3175 Kalendas
310 3113 513 3175 Februarias
542 3116 556 3193 t
559 3119 717 3193 quantum
745 3133 787 3176 ex
814 3107 994 3195 desperata
1021 3117 1083 3179 illa
1110 3114 1283 3180 Ciceronis

68 3272 70 3291 ,
137 3214 256 3292 epistola
278 3219 385 3282 Nonis
410 3218 605 3281 Februariis
632 3218 674 3282 ad
698 3219 849 3283 Atticum
872 3223 967 3305 (IIII,
992 3223 1048 3302 20,
1074 3222 1111 3302 1)
1134 3223 1215 3287 data
1239 3225 1282 3287 ef·

68 3306 70 3347 *
137 3316 178 3380 fici
197 3325 352 3404 potest³⁶)
374 3326 569 3405 pervenisse
593 3326 628 3387 in
651 3331 808 3408 promptu
833 3329 1108 3411 manifestumque
1128 3335 1190 3394 est.
1217 3331 1281 3396 Re-

138 3426 198 3510 stat,
222 3435 255 3493 ut
278 3432 507 3514 exquiramus,
534 3432 664 3517 quando
684 3433 828 3496 Roscius
854 3440 887 3496 et
911 3435 947 3496 L.
967 3431 1093 3499 Caesar
1117 3457 1192 3500 oum
1216 3439 1281 3520 pri·

139 3571 322 3592 x--n-

161 3673 189 3740 ὅθ)
206 3678 337 3738 Dubitari
355 3695 414 3737 uon
434 3682 543 3750 potest,
564 3679 633 3749 quin
652 3680 781 3738 Roscius
810 3685 840 3737 et
860 3681 894 3738 L.
917 3681 1029 3740 Caesar
1053 3683 1090 3740 ad
1127 3684 1283 3743 decurren-

139 3772 187 3835 dum
203 3787 308 3859 tantam
327 3785 507 3854 distantiam,
528 3792 638 3856 quanta
657 3790 703 3843 est
721 3787 798 3843 inter
817 3787 984 3844 Ariminum
999 3794 1027 3846 et
1044 3790 1185 3861 Capuam,
1201 3791 1283 3848 mini·

136 3895 197 3943 mum
209 3897 341 3961 quattuor
360 3893 473 3951 dierum
492 3895 539 3952 vel
559 3895 686 3966 quinque
711 3894 901 3952 adhibuerint
930 3897 1065 3967 spatium.
1087 3898 1283 3969 Quamobrem

122 3983 305 4055 ‚llofmannins
325 3998 376 4073 (ad
396 4000 481 4058 Caes.
497 3999 521 4067 l,
539 4004 583 4068 11,
598 4003 628 4071 4)
640 4015 796 4072 perperam
811 4001 1025 4072 interpretatus
1040 4018 1103 4060 esse
1117 4003 1188 4060 mihi
1202 4003 1284 4061 vide·
