3196 4634
833 225 1005 287 -38-

327 386 401 427 rum
412 384 477 428 non
494 370 562 428 tam
573 366 727 428 consulto
742 385 842 447 quam
852 384 912 448 per
926 365 1170 447 indiligentiam
1181 386 1235 431 res
1250 386 1492 451 nonnumquam
1582 370 1583 373 ’

327 473 466 536 ob‘scure
496 480 529 536 et
557 492 732 555 perperam
762 472 973 556 tradiderint,
1002 474 1094 535 illius
1118 475 1346 538 narrationem
1371 478 1495 538 examin

325 600 407 643 nare
422 581 553 662 saepius
568 599 724 662 magnam
739 580 863 643 habeat
877 579 1110 643 difficultatem
1124 599 1227 662 eoque
1242 582 1416 664 maiorem,
1436 603 1495 664 quo

327 687 502 767 occultius,
528 687 726 768 elegantius,
752 687 956 766 ingeniosius
981 683 1107 749 Caesar
1122 688 1257 749 mentiri
1282 687 1346 750 scit
1373 680 1497 770 quoque

327 794 433 873 magis
458 812 518 874 pro
543 792 721 875 prudentia
745 813 806 854 sua
834 797 868 855 et
892 793 1104 855 humanitate
1133 793 1339 856 abhorrete
1362 794 1493 857 menda·

326 900 387 961 ciis
411 899 672 980 impudentibus.
705 898 799 980 Quod
828 903 865 960 nt
892 917 972 961 vere
1002 919 1022 961 a
1050 898 1148 961 nobis
1176 898 1301 961 dictum
1331 898 1497 981 videatur,

326 1026 392 1069 non
416 1009 524 1070 solum
548 1027 600 1089 ea,
626 1026 711 1089 quae
736 1005 902 1087 saprade
927 1003 1072 1070 Caesare
1095 1007 1164 1068 iam
1189 1006 1374 1070 Ravennae
1399 1007 1499 1090 idque

328 1114 536 1177 tribunorum
555 1108 650 1194 'fuga
683 1114 817 1195 cognita
849 1113 1098 1176 contionantem
1131 1133 1166 1176 se
1199 1114 1336 1194 fingenti
1366 1115 1500 1197 aliaque

329 1220 680 1302 commemoravimus,
717 1218 774 1282 sed
802 1221 903 1282 etiam
937 1222 1019 1282 haec
1057 1239 1132 1281 cum
1166 1221 1277 1283 animo
1306 1221 1501 1284 consideres

326 1328 440 1408 velim,
467 1345 553 1408 quae
577 1340 664 1387 nunc
689 1324 850 1389 derebus
876 1327 917 1389 ab
942 1325 1001 1389 illo
1026 1327 1239 1408 sequentibus
1264 1329 1498 1390 commentari-

329 1454 423 1498 orum
448 1434 613 1515 capitibus
638 1433 665 1516 Ι,
683 1433 791 1495 8-11
818 1438 851 1496 et
870 1433 914 1495 14
937 1434 1098 1514 expositis
1123 1454 1222 1516 quam
1242 1433 1502 1516 diligentissime

329 1541 534 1621 disputaturi
560 1560 687 1603 sumus.

372 1648 420 1710 Ac
449 1648 593 1729 primum
622 1647 722 1711 valde
742 1646 920 1711 dolendum
946 1652 1006 1728 est,
1037 1647 1125 1730 qnod
1154 1649 1258 1715 ceteri
1287 1649 1356 1712 tere
1386 1669 1502 1714 omnes

329 1756 510 1835 scriptores
534 1773 574 1816 ne
598 1774 663 1817 nno
687 1754 821 1837 quidem
849 1755 951 1817 verbo
981 1773 1094 1818 eornm
1124 1756 1325 1817 mentionem
1355 1757 1499 1839 faciunt,

328 1882 412 1945 quae
437 1863 524 1925 bello
547 1863 617 1923 iam
641 1869 756 1925 exorto
778 1882 798 1924 a
816 1862 976 1943 Pompeio
998 1881 1073 1924 cum
1093 1858 1239 1925 Caesare
1258 1861 1299 1925 de
1322 1881 1407 1944 pace
1424 1870 1503 1927 acta

328 1978 416 2032 sunt.
443 1970 530 2032 Nam
554 1975 591 2031 ut
615 1969 680 2031 Dio
704 1969 810 2052 (XLI,
832 1970 935 2048 5-6)
954 1988 995 2031 ea
1014 1970 1161 2033 breviter
1182 1970 1329 2052 attingit,
1352 1970 1402 2033 ita
1428 1974 1512 2055 eius,

328 2077 480 2140 narratio
502 2077 586 2140 adeo
606 2078 771 2158 perplexa
789 2082 822 2139 et
834 2076 1014 2157 indiligens
1034 2083 1085 2139 est
1105 2077 1329 2158 temporisque
1349 2076 1502 2143 ordinem

328 2185 559 2269 perturbatum
584 2183 696 2265 habet,
722 2187 760 2244 nt
783 2183 868 2244 nulli
893 2184 960 2245 fere
984 2182 1078 2244 nobis
1103 2183 1174 2243 usui
1201 2201 1274 2245 esse
1298 2185 1416 2264 possit,
1442 2206 1499 2249 ne-

328 2288 586 2355 dnmCaesaris
611 2290 837 2352 narrationem
867 2288 1011 2369 expleat.
1038 2291 1110 2370 Qua
1137 2289 1173 2349 in
1196 2289 1351 2351 molestia
1380 2291 1499 2354 haere-

328 2418 454 2480 remus,
480 2397 546 2458 nisi
570 2392 687 2459 Cicero
714 2397 749 2457 in
779 2395 930 2476 epistolis
955 2395 1023 2456 suis
1043 2395 1206 2457 nonnulla
1235 2394 1277 2457 ad
1304 2395 1445 2477 Pompei
1472 2404 1503 2461 et

328 2507 421 2569 illius
446 2503 656 2568 condiciones
681 2503 886 2584 pertinentia
905 2501 1112 2584 tradidisset,
1133 2521 1216 2583 quae
1240 2503 1336 2564 nobis
1359 2522 1425 2565 non
1452 2525 1500 2568 so·

329 2615 397 2676 lum
418 2612 730 2676 commentariorum
751 2609 906 2674 Caesaris
922 2609 1222 2673 examinandornm
1242 2629 1282 2672 ac
1298 2609 1502 2691 redarguen-

328 2721 458 2802 dorum,
481 2718 539 2781 sod
559 2719 661 2781 etiam
680 2718 784 2799 ipsius
803 2718 851 2781 rei
873 2715 1127 2798 cognoscendae
1141 2720 1339 2797 potestatem
1360 2717 1501 2780 faciunt.

329 2824 380 2886 Ac
405 2821 605 2903 mehercule,
628 2819 662 2883 id
687 2839 751 2883 non
770 2821 871 2902 parvi
895 2819 1139 2883 aestimandum
1160 2838 1233 2882 esse
1257 2838 1388 2882 censeo.
1415 2820 1503 2885 Tam

329 2931 471 2993 obscura
491 2928 577 2989 enim
598 2934 731 3005 tamque
750 2927 935 3008 pugnantia
957 2926 1104 3005 loquitur
1124 2922 1263 3008 Caesar,
1284 2931 1320 2988 nt
1338 2945 1413 2988 cum
1438 2948 1502 2991 nos

328 3037 400 3099 sine
410 3035 495 3098 duce
509 3054 550 3097 ax
568 3034 668 3097 tantis
683 3032 932 3096 difficultatibus
945 3031 1089 3096 evadere
1103 3052 1167 3096 non
1182 3052 1355 3116 queamus,
1368 3054 1502 3099 summo

328 3163 427 3225 opere
450 3143 611 3205 miremur
639 3142 750 3224 ipsum
779 3141 976 3222 scriptorem
1004 3140 1039 3201 in
1067 3141 1109 3202 iis
1133 3159 1199 3202 non
1229 3140 1419 3204 offendisse.
1447 3144 1516 3205 An·

309 3251 390 3333 ⁸hoc
416 3249 585 3331 explicare
609 3252 643 3311 et
657 3246 816 3328 expedire
833 3265 933 3329 posse
948 3245 1094 3338 videris,
1109 3245 1199 3327 quod
1219 3247 1279 3310 ille
1304 3247 1408 3311 altero
1424 3248 1500 3312 loco

328 3357 487 3420 Roscium
508 3361 703 3439 praetorem
723 3359 756 3417 et
778 3354 816 3417 L.
839 3351 1033 3436 Caesarem,
1057 3356 1114 3435 qui
1138 3353 1181 3416 ad
1204 3374 1241 3416 se
1265 3373 1339 3416 cum
1358 3356 1501 3438 Pompei

327 3462 496 3526 mandatis
509 3463 698 3525 Ariminum
718 3461 890 3523 venissent
902 3461 945 3543 (Ι,
968 3460 1015 3539 8),
1027 3459 1109 3549 οιιιιιθ
1129 3479 1282 3524 reversos
1301 3462 1500 3542 Pompeium

330 3571 547 3653 consulesque
576 3567 712 3651 Capuae
740 3569 938 3631 convenisse
962 3568 1007 3651 (I,
1033 3568 1164 3650 10,1),
1196 3566 1303 3631 altero
1327 3566 1399 3630 loco
1424 3588 1499 3631 con-

329 3678 419 3740 sules
448 3682 481 3740 et
503 3678 700 3759 Pompeium
729 3695 796 3738 non
821 3674 913 3757 prius
938 3693 979 3737 ex
1003 3675 1086 3737 urbe
1110 3675 1278 3756 profectos
1312 3693 1383 3747 esse
1418 3671 1502 3735 dicit

329 3786 374 3868 (Ι,
399 3786 455 3858 14,
478 3786 594 3867 1-4),
611 3804 709 3866 qnam
732 3784 867 3846 nuntius
890 3782 1011 3845 allatus
1031 3787 1132 3864 esset,
1153 3782 1264 3863 ipsum
1284 3800 1398 3844 eorum
1423 3800 1500 3845 con·

330 3893 518 3957 dicionibus
543 3913 603 3975 per
627 3892 789 3956 Roscium
814 3896 847 3955 et
870 3892 908 3954 L.
940 3887 1119 3954 Caesarem
1145 3889 1187 3952 ad
1213 3909 1248 3952 se
1275 3889 1415 3972 perlatis
1440 3892 1499 3952 mi-

328 4003 419 4064 nime
442 4001 611 4083 placatum
636 4000 790 4062 Arimino
819 3999 950 4081 longius
973 4015 1188 4079 progressum
1213 4015 1286 4060 esse
1316 4003 1414 4079 atque
1437 3997 1499 4059 Ar·
