3196 4634
777 240 930 300 ..4-

264 392 300 447 61
323 386 504 467 scriptores
519 385 646 467 posteri
660 383 764 446 multo
783 385 889 464 magis
906 402 964 446 eas
980 389 1211 466 sequerentur,
1236 403 1334 464 quam
1351 381 1434 446 Cae-

265 513 374 556 sarem
397 511 504 573 neque
529 493 696 554 rationem
720 491 882 554 haberent
910 492 982 554 eius
1006 492 1070 574 rei,
1096 491 1182 573 quod
1206 492 1262 572 qui
1289 492 1435 572 proximi

263 599 383 661 Asinio
408 598 553 660 Pollioni
578 584 674 660 erant
699 600 821 679 661616,
847 597 947 658 611616
972 616 1092 678 aspera
1116 598 1186 660 cius
1211 616 1285 659 csse
1308 596 1438 659 iudicia

264 705 498 787 querebantur.
524 705 573 767 Ac
597 706 748 786 profecto
773 705 836 766 hoc
855 705 1032 785 praeclare
1055 705 1219 791 fecerunt,
1247 705 1276 766 si
1301 703 1434 784 quidem

264 818 298 877 et
321 814 395 875 veri
419 814 562 875 similius
586 818 646 896 est,
672 814 733 876 illa
756 812 882 875 iudicia
906 833 926 874 a
948 812 1101 875 Pollione
1124 831 1189 875 non
1213 813 1248 874 in
1271 812 1435 890 historiis,

265 920 324 983 sed
348 921 383 982 in
402 921 478 982 aliis
500 921 634 1001 scriptis
649 922 746 1003 ,facta
770 938 856 1001 esse,
877 922 909 981 61
927 920 1145 981 vehementer
1166 919 1290 1000 ambigi
1308 896 1434 1000 potest,

265 1047 343 1089 num
372 1047 412 1090 ea
439 1045 476 1089 re
504 1046 586 1090 vera
614 1027 738 1089 fuerint
771 1019 866 1089 tanta
899 1026 1094 1107 acerbitate,
1130 1030 1288 1107 quantam
1321 1044 1437 1088 eorum

266 1134 395 1197 auctori
417 1135 540 1215 quippe
561 1153 581 1196 a
600 1131 772 1196 Ciceronis
791 1137 864 1195 arte
883 1131 1016 1195 dicendi
1036 1132 1147 1193 alieno
1166 1132 1320 1193 attribuit
1335 1129 1437 1212 Quin-

268 1241 404 1304 tilianus
423 1241 549 1320 (instit.
571 1244 656 1303 orat.
678 1239 758 1322 XII,
776 1240 810 1322 1,
832 1240 902 1319 22).
927 1239 1011 1301 Mihi
1034 1238 1168 1319 quidem
1183 1258 1258 1301 cum
1277 1257 1330 1320 ea,
1350 1257 1439 1318 quae

143 1420 146 1425 p
267 1348 307 1412 ab
331 1347 450 1409 Asinio
474 1346 628 1408 Pollione
652 1346 693 1409 de
717 1346 875 1408 Sallustio
898 1346 976 1424 (cfr.
1002 1345 1135 1406 Sucton.
1159 1344 1198 1407 de
1221 1363 1363 1425 gramm.
1390 1342 1438 1425 X,

267 1474 300 1535 p.
318 1454 396 1536 108,
418 1454 438 1514 3
454 1452 710 1516 Reifferscheid.
727 1449 921 1534 -Cellius,
938 1472 971 1513 n.
993 1452 1065 1513 Att.
1083 1451 1129 1533 Χ,
1146 1451 1202 1531 26,
1219 1451 1267 1532 1),
1285 1450 1326 1513 16
1341 1450 1441 1512 Livio

268 1558 425 1641 (Quintil.
452 1561 480 1642 I,
508 1564 541 1642 5,
568 1561 609 1621 56
635 1564 667 1622 61
697 1560 790 1638 VIII,
815 1559 850 1641 1,
876 1560 924 1640 3),
955 1558 995 1621 de
1023 1555 1198 1620 Citeronis
1228 1557 1342 1620 indole
1366 1556 1438 1636 (Se-

272 1686 369 1749 neca,
396 1686 523 1729 suasor.
554 1666 615 1748 VI,
648 1666 706 1745 24)
737 1665 829 1754 dicta
856 1665 898 1728 ad
923 1685 983 1727 nos
1013 1667 1252 1745 pervenerunt,
1284 1662 1435 1744 subtilia,

271 1778 381 1856 acuta,
406 1793 490 1836 vera
513 1791 599 1855 esse,
626 1777 695 1833 tum
719 1772 804 1833 nihil
830 1772 901 1834 cius
930 1771 1157 1851 integritatem
1181 1770 1315 1851 planius
1341 1773 1441 1851 atque

270 1881 418 1961 apertius
443 1879 618 1942 declarare
646 1877 793 1960 videtur,
820 1896 920 1958 quam
945 1876 1044 1959 quod,
1070 1878 1126 1958 qui
1156 1874 1296 1939 Caesari
1319 1875 1440 1937 intima

269 1988 499 2051 famiIIaritate
524 1996 597 2049 erat
621 1986 930 2065 coniunctus—(in
953 1985 1097 2066 epistola
1117 1984 1159 2047 ad
1183 1981 1382 2048 Ciceronem
1407 2002 1440 2045 a.

271 2115 304 2156 u.
332 2114 361 2156 c.
390 2094 452 2155 711
482 2093 562 2156 data
589 2092 739 2154 AsInius:
773 2089 973 2179 ,Caesarem
1002 2110 1095 2173 vero,
1123 2092 1243 2172 inquit,
1275 2089 1364 2169 quod
1386 2108 1440 2151 me

271 2202 306 2262 in
330 2207 423 2263 tanta
441 2202 576 2263 fortuna
596 2200 692 2263 modo
714 2200 884 2280 cognitum
904 2197 1205 2260 vetustissimorum
1220 2195 1441 2258 familiarium

271 2310 344 2372 loco
368 2309 496 2389 habuit,
520 2308 623 2370 dilexi
648 2327 777 2369 summa
798 2326 872 2368 cum
896 2306 1021 2386 pietate
1042 2309 1075 2366 et
1098 2300 1183 2366 1116α
1208 2303 1268 2381 (61
1286 2304 1366 2365 fam.
1394 2301 1438 2385 X,

270 2416 326 2499 31,
353 2418 438 2495 3)-
451 2415 540 2478 idem
564 2416 599 2476 in
619 2414 753 2495 scriptis
778 2414 847 2476 suis
867 2416 922 2492 (ac
947 2410 1080 2492 quidem
1104 2411 1139 2471 16
1158 2410 1442 2490 1116166116)·6ςτ6-

272 2524 362 2604 giam
386 2522 582 2584 memoriam
602 2521 699 2583 Bruti
722 2524 754 2582 et
777 2518 886 2583 Cassii
907 2517 1046 2581 tradidit
1062 2516 1160 2596 (Tac.
1182 2536 1258 2578 ann.
1285 2515 1347 2599 IV,
1369 2515 1441 2595 34).

271 2629 386 2710 Itaque
410 2647 476 2691 non
496 2632 546 2690 est
566 2625 756 2689 mirandum
771 2626 885 2741 Asing
901 2625 1059 2687 historIas
1074 2629 1110 2684 ut
1129 2642 1198 2685 non
1211 2641 1310 2703 saepe
1321 2656 1365 2665 —
1376 2622 1442 2683 sin·

272 2734 400 2816 gularis
430 2733 519 2796 enim
548 2738 700 2795 veterum
728 2733 868 2795 rationis
898 2730 1166 2794 testimoniorum
1183 2727 1443 2807 'afferendorum

271 2842 370 2924 culpa
395 2848 525 2908 erat-
541 2842 591 2903 ita
614 2840 767 2904 laudibus
793 2857 924 2921 semper
949 2857 1021 2901 esse
1043 2835 1270 2919 praedicatas.
1297 2837 1348 2898 Nc
1372 2836 1442 2898 lon·

273 2950 345 3031 gior
369 2949 445 3030 sim,
471 2966 726 3010 commemorem
755 2946 881 3009 iudicia
905 2965 980 3008 cum
1010 2945 1158 3025 Appiani
1180 2942 1239 3023 (de
1266 2942 1346 3006 bell.
1375 2943 1440 3004 civ,

272 3059 319 3139 11,
346 3058 387 3119 70
412 3056 527 3135 6182)
552 3061 584 3118 61
607 3055 755 3118 Suetonii
779 3052 950 3133 (116161.
974 3055 1029 3136 303
1051 3057 1105 3135 553
1124 3054 1195 3134 56),
1220 3058 1287 3113 tum
1312 3051 1438 3131 praeci·

271 3284 387 3359 Καῖσάρ
407 3306 437 3342 τε
456 3283 699 3353 6611166116ςῆ
716 3284 839 3341 Tantum
855 3284 932 3340 enim
945 3283 1038 3348 abest,
1058 3286 1090 3337 ut
1110 3278 1254 3338 Thoureti
1268 3277 1445 3349 interpreta-

271 3396 383 3454 tionem
401 3396 506 3452 horum
525 3393 670 3454 locorum,
691 3391 727 3447 de
747 3407 804 3462 qua
823 3389 901 3447 infra
919 3389 1037 3447 uberius
1056 3387 1197 3455 dicemus,
1217 3387 1301 3458 sequi
1323 3386 1443 3457 possim,

271 3509 303 3561 ut
322 3503 417 3575 Lipsii
435 3502 515 3559 illam
542 3516 654 3568 vocem,
676 3498 794 3557 Suidam
813 3515 901 3570 pecus
931 3514 1005 3566 esse,
1025 3496 1076 3553 sed
1103 3510 1192 3567 pecus
1214 3495 1296 3552 aurei
1315 3494 1444 3562 velleris,

272 3608 525 3667 vehementissime
540 3607 735 3678 comprobans
754 3621 819 3662 eum
834 3605 929 3661 altero
942 3604 1007 3661 loco
1022 3603 1112 3659 verbo
1128 3603 1158 3656 11
1159 3598 1252 3656 ωλίων
1266 3601 1297 3657 16
1311 3617 1444 3659 errorem

272 3714 389 3772 ductum
409 3730 481 3785 opus
500 3712 595 3769 Asinii
613 3711 756 3770 Pollionis
770 3710 909 3781 (hominis
927 3708 1066 3779 Romani)
1087 3707 1249 3779 Tralliano,
1265 3708 1359 3766 altero
1378 3707 1446 3765 loco

272 3824 364 3882 verbo
383 3818 503 3885 Ἀσίνιος
522 3827 699 3878 66666166
720 3815 851 3890 ἱστορίαν
868 3816 1041 3885 Ἑλληνικὴν
1063 3817 1236 3884 Ῥωμαικῶς
1254 3833 1272 3874 6
1292 3816 1445 3875 Tralliano

272 3928 398 3988 fortasse
427 3926 589 3985 confectam
616 3927 683 3997 (cfr.
705 3928 845 3986 Schwabe
869 3925 899 3981 16
918 3922 1053 3982 Teuffel’s
1073 3923 1177 3981 Gesch.
1198 3923 1224 3979 d.
1244 3928 1318 3980 rbm.
1339 3921 1444 3990 Lites,

273 4035 342 4093 edit.
363 4035 415 4102 IV,
431 4032 448 4110 ξ
467 4036 530 4102 221,
546 4036 575 4100 33
594 4050 625 4104 p.
645 4035 710 4105 443)
724 4032 828 4090 Asinio
844 4030 971 4090 Pollioni
989 4028 1065 4086 falso
1084 4028 1277 4102 adscripsisse
1297 4043 1445 4084 censeam:
