3196 4634
768 281 943 341 ..70-

273 426 401 483 tantum
427 422 534 503 abest,
562 426 598 483 ut
621 421 655 484 id
678 422 712 483 in
737 423 986 485 commentariis
1006 425 1120 506 faciat,
1146 431 1183 485 ut
1207 423 1369 489 Catonem
1393 446 1443 488 co·

271 528 363 609 guito
379 524 533 590 Curionis
551 545 688 589 accessu
704 528 828 609 fugisse
843 533 942 610 atque
957 529 1045 591 hunc
1060 530 1270 610 provinciam
1285 531 1327 593 ab
1343 531 1442 612 impe-

272 635 322 696 rio
352 652 494 723 vacuam
518 640 652 696 nactum
676 652 745 696 esse
769 633 904 696 tradens
934 635 1035 716 plane
1065 637 1250 698 consentiat
1277 657 1352 699 cum
1380 638 1445 700 illis

272 739 445 802 Plutarchi
468 739 508 818 (l.
535 739 577 813 l.)
600 739 724 801 verbis:
762 729 942 824 πἈσιννιον
963 735 1026 821 μὲν
1049 730 1110 804 οὖν
1133 739 1196 824 ἔφη
1222 743 1259 822 [i.
1288 762 1317 805 e.
1345 738 1444 806 dKo'·

270 847 360 923 των].
377 840 517 916 δυνατὸς
540 839 624 908 εἶναι
643 840 797 917 Σικελίας
818 844 983 925 ἐκβαλεῖν,
1004 843 1102 931 ἄλλης
1120 843 1156 910 δὲ
1179 842 1332 929 μείζονος
1352 847 1444 930 ἐντερ-

270 947 411 1035 χομένης
434 946 604 1032 δυνάμεως
632 948 672 1014 οὐ
694 946 878 1027 βούλεσθαι
900 948 962 1036 τὴν
985 959 1087 1037 νῆσον
1111 952 1305 1036 ἐμπολεμῶν
1327 951 1445 1018 auore-

271 1073 338 1136 σαι,
363 1065 485 1140 χωρεῖν
508 1051 548 1120 δὲ
561 1053 644 1139 πρὸς
667 1053 706 1119 τὸ
725 1065 869 1140 κρατοῦν
891 1055 948 1121 καὶ
971 1055 1144 1137 σώζεσθαι
1166 1058 1365 1142 παραινέσας
1380 1065 1446 1125 Συ-

271 1160 459 1248 ρακουσίοις
483 1159 708 1244 ἐξέπλεοσεν“.
726 1166 864 1229 Minime
884 1167 971 1228 euim
991 1167 1150 1229 effecerat
1168 1168 1290 1249 Pollio,
1313 1174 1348 1230 ut
1363 1165 1445 1230 Cato

210 1328 213 1333 ,
270 1294 312 1337 ex
338 1273 455 1336 Sicilia
479 1273 718 1354 depelleretur.
734 1254 902 1354 -ltaque
930 1294 1067 1356 prorsus
1097 1294 1258 1356 perversa
1286 1275 1377 1336 mihi>
1394 1275 1444 1335 vi·

269 1381 367 1444 detur
386 1382 449 1444 illa
470 1382 727 1463 Eyssenhardtii
750 1383 914 1445 sententia
928 1382 1083 1468 (panus
1103 1380 1443 1464 Jahrb.“1862‚vol.

269 1489 326 1570 85,
353 1508 385 1570 p.
416 1490 619 1569 ree-757),
643 1510 710 1572 qua
729 1487 909 1553 Caesarem
929 1492 970 1553 ob
994 1491 1139 1573 aliquam
1163 1510 1301 1553 causam
1326 1511 1346 1552 a
1368 1490 1446 1553 Pol·

270 1596 372 1659 lionis
398 1597 550 1659 amicitia
573 1596 777 1659 disiunctum
802 1597 872 1658 eius
893 1615 945 1658 res
969 1603 1079 1677 gestas
1104 1595 1299 1676 praedicare
1321 1595 1444 1657 noluis-

271 1723 318 1785 se,
332 1703 434 1765 immo
450 1701 587 1766 Curioni
603 1702 689 1765 falso
705 1702 910 1784 attribuisse,
923 1702 1110 1765 Pollionem
1126 1708 1236 1764 autem
1248 1703 1288 1765 ob
1304 1701 1445 1764 eandem

268 1830 407 1872 causam
432 1807 571 1872 Caesari
595 1810 757 1891 iniquum,
781 1828 855 1871 cum
875 1810 1034 1871 historias
1061 1829 1136 1891 suas
1160 1811 1368 1871 confecturus
1393 1829 1443 1872 es·

271 1922 333 1992 set,
360 1936 516 1980 severum
540 1916 624 1979 illud
655 1916 696 1979 de
725 1916 972 1980 commentariis
996 1916 1157 1979 iudicium
1181 1917 1299 1979 fecisse
1323 1916 1442 1979 credit.

270 2024 367 2104 Quod
395 2023 556 2086 iudicium
584 2042 658 2085 cum
688 2023 777 2086 idem
805 2023 1085 2107 Eyssenhardtius
1115 2043 1268 2086 severum
1295 2023 1443 2106 quidem,

270 2130 328 2193 sed
354 2122 464 2195 tamen
487 2138 614 2195 rectum
638 2132 830 2210 iustumque
854 2150 928 2193 esse
954 2131 1127 2213 concedat,
1154 2133 1290 2194 minime
1314 2132 1445 2193 ratione

269 2240 465 2320 intellegere
489 2260 639 2322 possum,
664 2239 743 2322 quid
763 2240 818 2321 sit,
844 2237 937 2321 quod
956 2241 1044 2302 iuter
1068 2236 1249 2303 Caesarem
1273 2245 1306 2303 et
1330 2240 1443 2301 Asini-

269 2365 326 2408 um
349 2346 534 2409 Pollionem
559 2345 735 2409 discidium
764 2350 872 2409 ortum
901 2366 971 2408 esse
1001 2347 1186 2426 opinemur.
1221 2346 1325 2409 Immo
1354 2348 1444 2409 enim

227 2441 229 2445 ’
269 2435 452 2533 νεεοίμεο
481 2450 617 2515 Asinius
646 2454 681 2514 in
711 2436 854 2533 epistola
883 2452 925 2514 ad
953 2448 1147 2515 Ciceronem
1177 2471 1264 2515 auno
1292 2453 1333 2515 ab
1361 2454 1445 2515 urbe

269 2559 490 2622 condita'711
517 2559 608 2622 data:
638 2556 837 2644 „Caesarem
860 2578 952 2641 vero,
974 2560 1092 2640 inquit,
1114 2558 1200 2640 quod
1220 2578 1273 2621 me
1291 2559 1327 2620 in
1350 2563 1445 2621 tanta

268 2668 402 2729 fortuna
426 2665 523 2729 modo
548 2667 716 2748 cognitum
731 2665 1032 2727 vetustissimorum
1047 2665 1266 2727 familiarium
1285 2666 1358 2728 loco
1383 2665 1442 2728 ha·

269 2773 353 2856 uuit,
384 2772 488 2834 dilexi
521 2791 651 2835 summa
678 2791 754 2833 cum
777 2773 903 2853 pietate
931 2778 964 2834 et
988 2768 1073 2833 fider
1098 2774 1169 2853 (ap.
1195 2769 1266 2835 Cic.
1292 2770 1336 2833 ad
1360 2774 1441 2861 fam.

268 2880 312 2961 x,
340 2880 396 2961 31,
414 2876 516 2958 aua.
544 2880 702 2941 Valerius
722 2878 888 2940 Maximus
908 2864 968 2961 (n,
986 2881 1044 2957 σε)
1065 2883 1174 2941 autem
1199 2880 1351 2941 nantum
1365 2898 1442 2960 pro-

268 2990 375 3070 posito
400 2988 532 3049 lirmum
556 2992 590 3049 et
613 2986 752 3050 Iulianis
776 2987 930 3067 partibus
956 2986 1057 3048 fidum
1082 2988 1185 3049 luisse
1210 2987 1323 3049 tradit.

269 3214 299 3271 δὲ
326 3211 467 3270 Σικελίαν
494 3210 548 3282 μὲν
578 3209 669 3281 ἀμαχὶ
688 3211 902 3283 παρεστήσατο·
918 3211 934 3266 ὁ
953 3207 1008 3282 γὰρ
1029 3206 1135 3266 Κάτων
1156 3208 1255 3282 α’ρχονν
1284 3210 1381 3281 αὐτῆς,
1402 3212 1442 3276 ὡς

269 3321 335 3378 οὔτε
354 3317 512 3391 ἀξιόμαχός
530 3319 558 3375 οἱ
575 3315 611 3390 ἣν
631 3317 698 3374 οὔτε
716 3314 767 3384 τὰς
785 3315 882 3384 πόλεις
901 3320 930 3384 ἐς
949 3315 1086 3374 κίνδυνον
1104 3315 1197 3388 μάτην
1217 3315 1353 3392 ἐμβαλεῖν
1373 3315 1442 3388 ἤθε’·

270 3433 348 3498 λησε,
369 3423 586 3498 προεξεχώρησε
606 3422 679 3496 πρὸς
697 3422 748 3481 τὸν
778 3425 959 3494 Πομπήιον“.
971 3424 1125 3484 —Gonier
1145 3427 1232 3483 etiam
1253 3426 1366 3483 Lucan.
1385 3425 1427 3483 ΙΙΙ
1433 3470 1440 3491 ‚

268 3540 302 3595 59
322 3553 383 3607 seq.

301 3645 339 3709 er)
368 3644 441 3701 Tum
469 3642 587 3700 Asinius
615 3642 710 3699 Pollio
738 3641 849 3713 pergit:
882 3641 979 3712 „Quae
998 3655 1063 3697 mea
1082 3640 1228 3697 sententia
1246 3655 1350 3711 gerere
1369 3639 1442 3696 mihi

267 3750 360 3818 licuit,
389 3749 433 3806 ita
460 3748 529 3817 feci,
558 3753 590 3805 ut
619 3749 746 3820 optimus
775 3746 898 3818 quisque
926 3748 1052 3804 maxime
1076 3746 1225 3819 probarit3
1248 3743 1326 3816 quod
1344 3744 1439 3832 iussus

268 3875 340 3919 sum,
362 3874 397 3915 eo
416 3863 550 3928 tempore
570 3863 658 3927 atque
678 3856 720 3913 ita
739 3853 806 3928 leci,
826 3862 858 3912 ut
876 3860 1035 3927 appareret
1049 3855 1145 3941 invito
1156 3854 1332 3925 imperatum
1345 3853 1438 3908 esse“.

269 3970 351 4040 Quae
370 3965 462 4024 verba
480 3981 545 4021 cum
566 3981 584 4021 a
602 3963 736 4022 Pollione
755 3969 823 4036 post
843 3963 978 4021 Caesaris
997 3968 1122 4020 mortem
1137 3942 1290 4032 republica
1305 3959 1440 4017 restituta

267 4076 312 4133 sui
341 4073 497 4131 excusandi
526 4080 614 4143 atque
643 4072 804 4129 communis
832 4070 977 4128 libertatis
996 4070 1083 4128 studii
1103 4069 1148 4127 sui
1166 4066 1332 4126 affirmandi
1352 4082 1441 4124 causa
