3196 4634
681 255 855 318 ,19-

221 397 289 480 Qui
312 398 493 461 secuudum
522 400 839 462 commentariorum
869 399 992 462 librum
1017 399 1210 481 diligentins
1237 401 1347 482 inspe-

167 507 278 586 xerit,
304 508 338 567 et
361 504 587 585 compluribus
612 505 689 566 aliis
712 505 794 567 locis
828 506 1008 587 (imprimis
1041 507 1076 568 iu
1102 506 1212 588 capite
1236 507 1292 587 29)
1317 511 1350 570 et

169 613 211 673 in
236 611 349 674 medio
372 612 481 692 capite
506 611 612 674 altero
635 616 669 674 et
697 613 857 675 vicesimo
882 618 958 676 ante
981 615 1087 676 verba
1114 614 1251 677 minime
1276 618 1350 694 apte

166 740 251 782 cnm
275 720 470 800 praeteritis
495 720 721 783 cohaerentia:
751 739 812 805 „ex
836 722 888 783 bis
918 742 1020 783 unum
1035 722 1140 803 ipsius
1155 719 1349 802 navigiuml

164 833 239 889 cet.
277 826 434 888 lacunam
468 844 540 888 esse
568 831 749 907 cognoscet
776 827 915 907 ideoque
940 827 980 891 de
1005 829 1105 891 totius
1130 829 1202 891 eius
1230 830 1350 910 capitis

166 933 371 1012 :integritate
396 930 562 994 dubitabit
585 926 723 1016 verit'us,
745 938 781 995 ut
804 939 894 996 recte
918 940 1087 1016 moueant,
1109 936 1228 1015 quibus
1252 937 1349 998 huius

173 1040 249 1101 loci
272 1038 453 1100 difficultas
481 1057 525 1101 ex
549 1059 616 1102 una
640 1039 778 1102 licentia
807 1045 904 1119 atque
933 1041 1144 1122 indiligentia
1173 1044 1350 1106 verborum

176 1145 432 1226 compositionis
461 1145 603 1226 pendere
627 1146 774 1209 videtur.
806 1146 871 1209 Sed
896 1151 1074 1229 utcumque
1102 1167 1155 1211 res
1180 1151 1257 1231 erit,
1287 1151 1348 1212 hoc

181 1253 296 1334 levius,
326 1254 464 1334 gravius
493 1257 543 1315 est
567 1252 662 1335 illud,
693 1253 780 1335 quod
809 1251 946 1337 Caesar,
972 1261 1150 1336 postquam
1178 1257 1275 1320 modo
1299 1261 1346 1335 [c.

177 1360 221 1421 21
247 1362 349 1438 extr.)
372 1361 538 1441 narravit,
570 1360 756 1423 Massiliam
781 1366 913 1442 captam
937 1365 970 1424 ct
994 1381 1028 1425 se
1052 1363 1194 1426 Romam
1224 1366 1348 1446 profec-

179 1472 356 1550 tumesco,
385 1487 415 1530 c.
442 1468 497 1549 22,
528 1477 544 1529 1
573 1469 626 1530 his
654 1468 766 1531 verbis
795 1488 949 1550 pergens:
979 1470 1121 1554 „Iisdem
1147 1473 1349 1552 temporibus

94 1580 97 1589 ’
171 1573 214 1638 C.
242 1571 343 1637 Curio
372 1576 407 1636 iu
435 1574 584 1636 Africam
613 1576 782 1656 profectus
812 1595 853 1638 cx
882 1576 1057 1640 Sicilia...
1090 1576 1251 1659 appellitl
1283 1599 1348 1641 non

168 1688 311 1746 servato
343 1683 500 1763 temporis
535 1681 650 1745 ordine
680 1684 801 1745 transit
829 1683 871 1745 ad
900 1678 1136 1748 describendas
1165 1705 1217 1748 res
1247 1687 1349 1750 multo

171 1795 254 1854 ante
283 1789 318 1850 iu
347 1789 464 1851 Africa
493 1793 604 1869 gestas
632 1791 708 1868 (cfr.
740 1790 1069 1855 Kramer-Hofmann
1098 1793 1142 1855 ad
1171 1790 1268 1856 Caes.
1301 1794 1346 1873 ΙΙ,
1383 1838 1389 1847 .

165 1896 215 1958 21
243 1900 276 1958 et
300 1896 369 1974 23).
397 1894 491 1976 Quod
519 1915 593 1957 cum
622 1915 688 1958 non
716 1897 815 1960 facile
840 1897 972 1960 defendi
1000 1900 1104 1981 possit
1131 1901 1348 1964 excusatione

164 2002 407 2083 indiligentiae
432 2002 617 2084 scriptoris,
639 2003 702 2065 hoc
727 2003 799 2065 loco
820 2005 933 2067 nescio
955 2024 998 2065 an
1017 2005 1227 2068 interciderit
1247 1994 1350 2087 expo-⁴

170 2110 254 2171 sitio
283 2128 398 2170 rerum
426 2108 652 2189 Illyricarum.
684 2109 784 2190 Apud
812 2110 1005 2192 Appianum
1034 2111 1096 2193 (ΙΙ,
1125 2112 1185 2190 47)
1215 2111 1348 2192 quidem

171 2214 397 2277 disertissime
411 2214 672 2295 planissimeque
690 2217 850 2296 scriptum
871 2221 931 2298 est,
953 2216 1070 2279 eodem
1090 2218 1163 2299 ipso
1184 2222 1345 2301 tempore,
1430 2268 1435 2275 .

169 2340 238 2402 quo
262 2318 366 2384 Curio
382 2322 417 2381 in
432 2320 582 2383 Africam
607 2320 834 2384 calamitatem
851 2323 1030 2405 acceperit,
1049 2324 1151 2385 etiam
1166 2324 1348 2385 Antonium

171 2430 299 2489 victum
324 2446 396 2490 esse
413 2464 453 2472 -
470 2423 545 2514 ,καὶ
566 2432 637 2491 τῶν
656 2425 767 2492 αὐτῶν
785 2425 918 2511 ἡμερῶν
938 2423 1115 2501 miscam
1133 2451 1169 2492 τε
1188 2425 1264 2511 περὶ
1286 2426 1348 2513 τὴν

159 2526 328 2615 Ἰλλυρίδα
355 2530 476 2616 ἡττᾶτο
499 2529 563 2597 ὑπὸ
584 2525 777 2598 Ὀκταουίου
802 2530 969 2622 Πομπηίῳ
995 2542 1266 2619 στρατηγοῦντος,
1291 2532 1348 2598 καὶ
1379 2526 1385 2536 ’

163 2635 308 2724 στρατιὰ
334 2635 500 2723 Καίσαρος
524 2637 604 2723 ἄλλη
626 2636 703 2722 περὶ
727 2637 935 2706 Πλακεντίαν
959 2638 1178 2705 occrotu'ooroorl
1199 2664 1231 2706 κ.
1257 2665 1289 2707 τ.
1313 2647 1344 2706 λ.

168 2750 288 2829 Neque
314 2748 431 2809 Livius
456 2748 497 2810 ab
521 2748 691 2831 Appiano,
718 2750 775 2828 qui
799 2749 917 2812 Asinio
929 2750 1083 2813 Pollione
1107 2755 1242 2817 auctore
1267 2772 1346 2814 usus

161 2860 234 2937 est,
261 2854 443 2936 discrepat,
466 2854 524 2916 sed
545 2854 646 2935 plane
672 2874 747 2917 cum
772 2875 810 2918 eo
833 2856 1058 2942 consentiens,
1084 2863 1120 2920 ut
1144 2877 1186 2921 ex
1205 2861 1344 2940 scripto-

161 2962 263 3024 ribus
291 2980 366 3022 eum
390 2961 601 3041 potissimum
626 2963 748 3024 secutis
773 2963 888 3043 colligi
911 2969 1031 3047 potest,
1058 2966 1205 3047 primum
1227 2966 1344 3027 Massi-

164 3072 253 3132 liam
276 3074 423 3163 captam,
452 3073 521 3130 tum
545 3067 659 3132 clades
685 3070 802 3133 eodem
828 3077 975 3152 tempore
1000 3092 1020 3134 a
1044 3073 1164 3153 legatis
1190 3070 1345 3135 Caesaris

163 3182 326 3258 acceptas
350 3177 398 3238 ita
422 3177 571 3256 exponit.¹
602 3181 636 3237 ut
659 3179 886 3241 narrationem
911 3199 1025 3242 rerum
1049 3179 1274 3259 Illyricorum>
1289 3200 1344 3243 ex·

160 3284 276 3365 cipiet
300 3283 451 3344 narratio
471 3282 583 3345 caedis
598 3280 754 3346 Curionis
779 3288 855 3364 (cti.
882 3287 1047 3367 imprimis
1073 3286 1168 3350 Oros.
1196 3288 1256 3366 VI,
1287 3288 1342 3369 15,

165 3392 257 3453 8-9
273 3388 328 3452 ad.
347 3391 519 3473 Zangem.,
537 3391 626 3452 Livii
642 3393 722 3473 epit.
748 3392 827 3475 1103
854 3393 971 3455 Florus
986 3394 1031 3476 ΙΙ,
1053 3394 1108 3477 133
1125 3391 1262 3458 Cassius
1277 3397 1343 3459 Dio

173 3498 262 3579 XLI,
295 3499 351 3580 26,
377 3497 395 3558 1
422 3504 453 3559 et
479 3499 536 3577 40,
562 3498 685 3581 1-42,
712 3500 744 3582 73
770 3500 896 3562 Lucan.
922 3501 982 3577 lv,
1012 3502 1216 3583 402-824).
1232 3504 1344 3566 -His

166 3607 320 3668 omnibus
334 3606 538 3686 argumentis
550 3607 623 3668 veri
633 3607 743 3670 simile
754 3608 802 3686 fit,
816 3611 918 3671 etiam
930 3605 1124 3692 Caesarem,
1142 3612 1339 3691 priusquam

169 3731 222 3775 ‚res
246 3715 283 3775 in
308 3713 426 3775 Africa
449 3718 560 3794 gestas
586 3713 801 3798 describeret,
827 3716 1044 3796 descripsisse
1069 3717 1225 3798 Illyricas
1240 3715 1290 3800 ¹⁴).

204 3943 239 4010 ιι)
258 3939 304 3997 Ne
324 3939 387 4009 quis
407 3956 443 3996 ex
473 3955 519 4007 co,
540 3939 620 4010 quod
648 3941 819 4014 Nipperdey
841 3942 871 4011 (l.
899 3943 919 3999 l.
940 3961 968 4015 p.
993 3948 1022 4011 b)
1051 3945 1278 4002 commentarios
1306 3946 1342 4002 de

165 4047 247 4104 hello
268 4045 348 4102 civili
366 4062 426 4103 uon
445 4045 595 4104 confectos
615 4053 644 4104 et
659 4053 726 4120 post
742 4048 878 4107 Caesaris
893 4057 1017 4108 mortem
1032 4051 1147 4109 demum
1163 4052 1258 4109 editos
1278 4069 1342 4110 esse

1202 4162 1235 4212 2*
