3196 4634
830 257 870 266 -
895 223 936 282 32
964 257 1002 267 ..

326 361 358 425 d.
372 361 455 424 XVI
465 362 637 426 Kalendas
650 362 852 427 Februarias
868 362 1002 425 demum
1012 381 1150 444 prorsus
1161 368 1296 445 recepta
1311 383 1384 426 esse
1399 367 1482 445 atque

327 475 498 550 occupata.
521 473 686 552 Quantum
705 489 786 532 vero
807 470 968 550 temporis
989 466 1114 535 Caesar
1134 469 1246 532 adeas
1267 489 1321 533 res
1341 489 1483 552 prospere

327 576 491 657 gerendas
508 577 711 659 adhibuerit,
729 596 803 640 cum
818 576 907 658 apud
923 578 1100 658 scriptores
1116 576 1276 639 traditum
1292 597 1359 640 non
1376 578 1429 660 sit,
1441 597 1483 639 sa·

328 702 369 745 ne
383 683 521 746 difficile
546 690 597 745 est
611 684 702 749 dictu
725 703 831 765 neque
855 683 973 763 colligi
997 691 1106 763 potest
1130 684 1196 745 nisi
1220 685 1420 746 coniectura.
1444 684 1484 745 Ac

327 789 461 872 quidem
485 792 545 853 hoc
561 791 698 853 minime
720 790 939 853 dubitandum
955 809 1027 853 esse
1042 791 1125 852 mihi
1140 789 1287 873 videtur,
1305 788 1485 872 Caesarem,

328 917 402 959 cum
426 897 615 959 Ariminum
640 900 809 978 profectus
834 917 935 959 unam
961 902 1091 959 tautum
1115 898 1418 978 legioncmsecum
1440 899 1486 960 ha-

329 1006 435 1087 beret,
461 1024 500 1067 eo
525 1004 647 1086 oppido
673 1010 831 1085 occupato
855 1025 919 1067 non
945 1025 1054 1088 cursu,
1077 1004 1135 1068 sed
1159 1006 1248 1068 lente
1272 1009 1306 1068 et
1324 1006 1488 1087 paullatim

329 1109 485 1191 progredi
509 1111 660 1192 potuisse
683 1129 789 1191 neque
808 1111 914 1193 prius,
941 1130 1040 1190 quam
1060 1111 1204 1173 finitima
1217 1110 1392 1192 praesidia
1411 1113 1446 1193 (i.
1465 1131 1488 1174 e.

329 1217 521 1300 Pisaurum,
547 1217 691 1299 Fanum,
713 1216 900 1296 Anconam)
920 1218 1114 1299 recepisset,
1135 1216 1312 1280 dimidium
1332 1220 1490 1300 copiarum

331 1342 466 1384 suarum
486 1323 532 1385 M.
555 1322 699 1384 Antonio
719 1321 802 1384 duce
824 1320 866 1384 ad
888 1320 1116 1402 occupandum
1140 1322 1312 1388 Arretium
1332 1323 1490 1385 dimittere

274 1474 279 1485 .
332 1449 448 1491 ausum
473 1447 559 1491 esse.
592 1427 716 1510 Quodsi
739 1447 840 1509 porro
865 1428 1164 1510 considerabimus,
1191 1434 1353 1508 quantum
1379 1434 1490 1510 tempo·

332 1537 379 1596 ris
404 1536 549 1616 spatium
565 1536 792 1617 praeterierit,
816 1535 923 1616 quoad
943 1532 1069 1598 Caesar
1088 1536 1243 1615 quamvis
1265 1535 1439 1598 celeritate
1452 1537 1490 1596 iu-

332 1643 436 1723 signis
453 1648 549 1725 atque
565 1643 747 1705 maioribus
764 1643 869 1724 copiis
884 1643 1034 1704 firmatus
1049 1642 1093 1704 ad
1108 1639 1290 1732 Corfinium
1321 1661 1424 1727 eoque
1447 1660 1491 1722 op·

331 1748 410 1830 pido
421 1756 556 1830 recepto
572 1749 615 1812 ad
630 1748 844 1811 Brundisium
856 1749 1061 1830 perveniret,
1080 1753 1194 1810 nostro
1213 1749 1285 1810 iure
1301 1748 1493 1812 contendere

268 1882 271 1887 ¹
331 1858 528 1939 poterimus,
547 1876 621 1920 eum
644 1858 740 1919 initio
761 1857 843 1919 belli
863 1858 904 1919 ab
924 1857 1090 1938 Arimino,
1112 1857 1169 1918 ubi
1188 1857 1314 1918 stativa
1333 1861 1493 1937 posucrat,

332 1983 397 2026 nou
422 1965 565 2028 celerius
591 1984 691 2046 quam
716 1971 776 2027 sex
805 1971 974 2046 septemve
999 1963 1116 2026 diebus
1138 1952 1328 2046 Pisaurum,
1359 1964 1491 2044 Fanum,

333 2071 520 2155 Anconam,
546 2072 719 2134 Arretium
744 2072 848 2133 firmis
871 2071 1052 2153 praesidiis
1077 2072 1303 2152 occupavisse.

378 2179 451 2240 Iam
474 2184 684 2241 revertamur
709 2178 751 2240 ad
775 2179 870 2239 illum
890 2179 1000 2240 locum
1020 2177 1109 2258 apud
1129 2174 1310 2240 Caesarem
1337 2182 1494 2240 extantem

334 2286 378 2366 (I,
401 2290 434 2366 5,
454 2286 571 2367 4-5),
598 2304 663 2366 quo
685 2286 810 2348 tribuni
828 2285 936 2367 plebis
957 2305 988 2348 a.
1011 2285 1043 2347 d.
1067 2286 1132 2347 VH
1153 2284 1231 2347 Idus
1250 2285 1429 2347 Ianuarias
1447 2284 1495 2347 sub

335 2398 432 2455 nocte
457 2393 565 2455 Roma
588 2393 743 2473 effugisse
767 2392 933 2455 dicuntur.
965 2394 1026 2474 Qui
1051 2413 1124 2455 cum
1150 2392 1266 2455 ducem
1291 2412 1386 2454 suum
1412 2390 1495 2455 certi-

337 2519 428 2563 orem
458 2501 567 2562 facore
590 2500 729 2582 vellent,
757 2501 978 2581 Pompeianos
1002 2500 1086 2562 nihil
1111 2501 1177 2562 nisi
1204 2501 1328 2563 bellum
1358 2501 1497 2581 cogitare

337 2627 477 2688 eumque
498 2605 709 2687 (Caesarem)
725 2609 921 2695 iamomnes
936 2628 1058 2671 nervos
1074 2609 1108 2671 in
1124 2627 1163 2671 eo
1178 2606 1351 2670 intendere
1372 2607 1498 2685 debere,

337 2719 372 2776 ut
400 2716 551 2778 inimicos
579 2735 655 2779 suos
680 2717 893 2797 praeveniret
918 2723 1015 2798 atque
1040 2717 1254 2796 opprimeret,
1284 2734 1349 2777 non
1374 2715 1500 2778 dubium

338 2841 411 2884 ease
434 2828 555 2904 potest,
587 2824 665 2904 quin
694 2843 793 2904 quam
822 2824 979 2885 maximis
1008 2823 1184 2885 itineribus
1214 2822 1256 2884 ad
1285 2840 1360 2884 eum
1393 2839 1500 2902 prope·

337 2930 489 2991 raverint
513 2934 611 3008 atque
636 2930 703 2992 iam
719 2950 750 2992 a.
769 2928 801 2991 d.
828 2930 877 2991 IV
891 2929 968 2991 Idus
985 2928 1159 2991 lanuarias
1186 2928 1329 2990 Arimini
1345 2947 1420 2990 eum
1436 2946 1502 2990 cou-

338 3037 504 3099 venerint.

340 3263 610 3336 Schweighaeuseri
630 3263 830 3320 coniecturam
852 3258 1053 3334 „cptaxoor'ovc
1073 3258 1120 3316 ἐπὶ
1141 3258 1290 3331 δισχιλίοις
1311 3258 1460 3325 eradico&
1480 3260 1506 3316 in

339 3371 404 3442 ipso
425 3375 564 3428 contextu
585 3371 730 3441 posuerit.

376 3478 440 3534 lum
460 3478 619 3535 secuudum
637 3476 829 3534 ltiuerarium
845 3475 995 3544 Antonini,
1011 3491 1202 3532 numerorum
1218 3491 1359 3532 summum
1375 3475 1400 3532 si
1419 3476 1505 3538 ineas,

341 3587 390 3657 qui
409 3603 474 3659 pag.
498 3590 636 3644 124-127
665 3587 711 3644 ed.
733 3586 857 3645 Wessel.
880 3585 1064 3653 exhibentur,
1091 3583 1239 3642 coxclx
1266 3583 1348 3649 milia
1375 3595 1506 3654 passuum

342 3693 415 3763 (sive
434 3693 500 3764 pus
534 3694 734 3752 mucouxu
754 3692 863 3762 staua)
882 3665 1027 3772 bononia,
1057 3691 1233 3751 cccxxiv
1263 3690 1346 3747 mua
1376 3701 1506 3760 passuum

265 3827 270 3835 ·
341 3800 414 3871 (sive
428 3800 683 3860 MMCCOCXXX
697 3801 803 3873 stadia)
819 3801 934 3859 Mutina
948 3799 1037 3856 distat
1049 3800 1085 3856 ab
1104 3799 1186 3857 urbe.
1207 3799 1325 3869 Exque
1341 3796 1468 3854 efficitur
1477 3822 1506 3834 -·

341 3908 371 3966 id
391 3910 469 3980 quod
489 3910 598 3981 optime
618 3926 681 3966 cum
703 3911 835 3967 omnibus
855 3925 946 3981 supra
964 3908 1050 3966 dictis
1069 3905 1429 3969 convenit—Caesarem,
1448 3915 1506 3961 cum

343 4018 500 4077 Curionem
520 4020 645 4077 Romam
665 4019 805 4088 mitteret,
825 4020 883 4076 iam
903 4035 998 4091 prope
1017 4017 1180 4076 Bononiam
1199 4017 1299 4073 luisse.
