3196 4634
663 261 835 323 ...13-

202 407 293 486 Quae
322 404 435 466 Asinii
463 405 571 467 verbe
599 405 661 469 hoo
690 405 759 466 fere
788 403 905 467 ordine
933 405 1042 485 posita
1070 405 1099 466 si
1128 406 1330 487 intueamur⁷

49 523 51 526 ⁴
153 512 295 575 minime
319 510 529 592 probabilem
554 529 627 573 esse
651 509 814 573 Thoureti
833 511 1144 592 interpretationem
1169 512 1243 592 quis
1268 515 1331 594 est,

153 619 214 701 qui
239 620 353 699 neget?
377 617 428 679 Ea
453 621 566 681 autem
589 617 779 698 improbata
802 622 874 680 tota
895 617 965 679 eius
990 616 1169 698 disputatio
1194 619 1329 701 labitur,

152 725 358 808 praesertim
382 714 457 786 cum
482 725 611 786 nullam
634 725 704 785 vim
728 725 852 787 habere
879 724 962 786 mihi
986 724 1163 788 videantur
1185 726 1329 808 reliqua,

153 851 242 914 quae
267 833 363 894 affert
384 831 534 894 Thouret
556 834 604 911 (p.
632 830 695 893 341
716 834 818 913 seq.),
843 835 1049 911 argumenta.
1076 831 1220 893 Tantum
1242 833 1332 895 enim

154 940 266 1019 abest,
292 941 329 999 ut
352 938 452 999 iniis
476 935 766 1019 similitudinibus,
793 955 877 1016 quae
902 937 989 1000 inter

185 1024 192 1043 “
247 1044 440 1125 Appianum
464 1044 524 1126 (u,
552 1045 610 1123 ao)
634 1049 667 1106 ut
691 1043 908 1118 Plutarchum
931 1041 1044 1123 (caus.
1072 1045 1128 1128 29,
1155 1046 1186 1107 2.
1214 1046 1250 1124 a)

488 1202 505 1237 η
553 1152 595 1213 27
620 1156 707 1215 extr.
792 1150 818 1238 ἠ
984 1202 1001 1238 Ὀ
1072 1154 1127 1235 30,
1155 1153 1174 1215 2

336 1310 352 1346 η
487 1260 667 1345 „etin
803 1308 819 1343 ῃ
985 1309 1002 1344 c
1073 1260 1176 1342 33,4

339 1415 356 1451 η
488 1365 819 1451 Ἡ5111111611.Ὃ
986 1415 1002 1451 η
1074 1366 1175 1449 38‚3

337 1522 353 1557 ῃ
489 1522 506 1557 η
555 1474 597 1535 62
622 1477 707 1535 extr.
803 1521 819 1557 c
984 1522 1001 1558 ῃ
1074 1474 1176 1554 39,5

337 1630 353 1666 η
805 1629 822 1664 ,7
932 1579 1050 1661 Pomp.
1075 1582 1129 1663 70,
1156 1582 1174 1642 2

336 1736 353 1772 Ὀ
804 1735 821 1770 c
948 1684 1046 1750 Caes.
1071 1688 1129 1769 45,
1156 1690 1176 1748 5

336 1844 353 1879 11
984 1843 1001 1878 ll
1074 1793 1174 1876 5613

646 1946 652 1959 .
781 1903 843 1961 etc.

154 2008 235 2087 (cfr.
267 2006 418 2069 Thouret
446 2025 481 2087 p.
512 2006 594 2085 341)
623 2006 847 2089 intercedunt,
878 2006 1045 2069 offendere
1074 2007 1265 2089 debeamus,
1297 2015 1334 2069 ut

158 2131 221 2175 eae
243 2112 404 2176 facillime
434 2112 598 2193 explicari
624 2112 753 2193 possint
781 2131 834 2196 eo,
865 2110 953 2191 quod
981 2112 1034 2174 1111
1056 2132 1121 2174 uno
1151 2112 1333 2192 eodemque

162 2223 295 2283 anctore
317 2218 453 2298 (Asinio
477 2219 647 2298 Pollione)
669 2219 722 2281 usi
746 2225 833 2282 sunt.

135 2408 138 2415 ¹
207 2325 298 2408 Quod
323 2330 439 2389 autem
463 2327 613 2389 Thouret
632 2328 818 2390 sententiae
843 2345 922 2389 suae
943 2326 1155 2390 adiuvandae
1174 2347 1276 2391 causa
1299 2331 1334 2392 in

160 2435 279 2516 fontes,
305 2453 386 2515 quos
406 2433 581 2514 Appianus
606 2434 702 2496 libris
721 2434 848 2495 III—V
869 2432 1071 2517 adhibuerit,
1094 2435 1261 2515 inquirere
1281 2455 1332 2499 co-

158 2545 257 2604 natus
272 2543 373 2621 negat
391 2543 439 2621 (p.
458 2541 539 2619 345)
558 2538 724 2622 senodes,
741 2541 799 2620 qui
818 2541 853 2601 in
870 2540 932 2602 illa
947 2541 1141 2620 quaestione
1158 2543 1332 2625 exsistant,

157 2649 292 2712 solvere
315 2666 428 2729 posse:
460 2667 501 2709 ne
527 2666 588 2728 ego
612 2647 745 2729 quidem
773 2651 950 2730 uegetam
979 2650 1134 2711 obsuram
1159 2669 1233 2712 eam
1262 2670 1334 2713 esse

156 2759 295 2835 tamque
309 2752 495 2836 difficilem,
521 2757 566 2815 ut
580 2772 645 2816 non
663 2753 761 2816 modo
782 2753 993 2837 Thorbeckc,
1010 2755 1236 2838 Hendeuuurc,
1259 2757 1333 2840 ulii,

157 2860 221 2924 sed
244 2879 286 2923 ne
309 2860 441 2923 Bailleu
466 2859 602 2940 quidem
627 2880 701 2923 eam
721 2861 933 2943 profligarint
958 2866 990 2925 61
1014 2861 1058 2924 ad
1082 2863 1207 2925 exitum
1233 2863 1332 2927 addu-

155 2967 281 3031 xerint.
318 2967 389 3030 Hoc
421 2987 523 3029 unum
556 2986 752 3048 persuasum
780 2967 863 3029 mihi
898 2969 1004 3031 habeo
1037 2969 1163 3031 frustra
1196 2968 1334 3031 sudasse

156 3074 351 3139 Baillenum
367 3074 489 3138 docere
503 3080 659 3137 conatum
674 3075 776 3137 etiam
791 3075 906 3155 quinto
922 3075 1008 3139 libro
1025 3076 1214 3157 Appianum
1239 3096 1334 3139 usum
1368 3084 1371 3092 “

157 3202 235 3247 esse
258 3182 377 3244 Asinio
401 3186 547 3244 auctore.
1050 3240 1056 3253 ,

206 3285 273 3351 Sed
297 3288 380 3349 haec
404 3287 578 3369 hactenus3
603 3305 669 3349 nou
693 3287 880 3349 enimcum
903 3287 1052 3368 Appiani
1075 3287 1171 3350 libris
1191 3287 1332 3371 III—V,

160 3393 222 3457 sed
245 3413 321 3456 cum
345 3393 432 3456 libro
456 3392 602 3456 secundo
627 3393 719 3457 nobis
742 3411 796 3456 res
820 3396 881 3455 est.

208 3501 371 3583 Quoniam
392 3497 694 3562 demonstravimus
719 3498 803 3561 nihil
827 3518 913 3580 esse,
939 3518 998 3560 cur
1022 3498 1224 3582 dubitemus,
1251 3501 1330 3582 quin

160 3614 197 3672 et
216 3608 418 3671 Plutarchus
443 3613 475 3670 ct
497 3608 671 3689 Appianus
700 3607 803 3685 (libro
827 3606 875 3686 11)
902 3607 1007 3688 ipsius
1036 3607 1147 3670 Asinii
1175 3608 1333 3672 historias

160 3837 320 3896 tradiderit
338 3837 405 3906 (cfr.
426 3836 503 3896 Plut.
522 3838 625 3907 Pomp.
644 3839 694 3904 603
717 3836 800 3894 caes.
821 3839 999 3909 32.-App.
1020 3837 1060 3904 11,
1079 3841 1128 3909 35)
1143 3854 1207 3895 eam
1226 3855 1244 3895 a
1263 3837 1335 3896 an-

159 3960 229 4002 sarc
250 3944 364 4002 Graece
384 3942 521 3999 emissam
540 3957 618 4011 esse;
639 3941 800 3999 eratenim
827 3941 936 3999 dictum
965 3942 1122 4000 Menandri
1144 3943 1210 4014 (cfr.
1228 3941 1333 4014 fragm.

160 4050 270 4108 comio.
291 4050 397 4108 Graec.
420 4047 465 4106 ed.
486 4048 621 4106 Meiueke
640 4048 692 4116 IV,
712 4065 742 4119 p.
762 4051 807 4115 88,
827 4048 856 4104 I:
879 4043 1063 4120 „dvsppr'pdo
1084 4044 1218 4120 added).
