<?xml version="1.0" encoding="UTF-8"?>
<!DOCTYPE html PUBLIC "-//W3C//DTD XHTML 1.0 Transitional//EN"
    "http://www.w3.org/TR/xhtml1/DTD/xhtml1-transitional.dtd">
<html xmlns="http://www.w3.org/1999/xhtml" xml:lang="en" lang="en">
 <head>
  <title>
</title>
<meta http-equiv="Content-Type" content="text/html;charset=utf-8" />
  <meta name='ocr-system' content='tesseract 3.04.00' />
  <meta name='ocr-capabilities' content='ocr_page ocr_carea ocr_par ocr_line ocrx_word'/>
</head>
<body>
  <div class='ocr_page' id='page_1' title='image "./debellocivilica00basigoog_0068.png"; bbox 0 0 3196 4634; ppageno 0'>
   <div class='ocr_carea' id='block_1_1' title="bbox 554 161 726 223">
    <p class='ocr_par' dir='ltr' id='par_1_1' title="bbox 554 161 726 223">
     <span class='ocr_line' id='line_1_1' title="bbox 554 161 726 223; baseline 0.012 -19"><span class='ocrx_word' id='word_1_1' title='bbox 554 161 726 223; x_wconf 63' lang='lat'>..53-</span> 
     </span>
    </p>
   </div>
   <div class='ocr_carea' id='block_1_2' title="bbox 3 299 1296 1989">
    <p class='ocr_par' dir='ltr' id='par_1_2' title="bbox 58 299 1296 1022">
     <span class='ocr_line' id='line_1_2' title="bbox 59 299 1221 385; baseline 0.003 -22"><span class='ocrx_word' id='word_1_2' title='bbox 59 322 122 364; x_wconf 89' lang='lat' dir='ltr'>cum</span> <span class='ocrx_word' id='word_1_3' title='bbox 144 303 211 365; x_wconf 88' lang='lat' dir='ltr'>iam</span> <span class='ocrx_word' id='word_1_4' title='bbox 232 299 381 366; x_wconf 79' lang='lat' dir='ltr'>Corfinio</span> <span class='ocrx_word' id='word_1_5' title='bbox 402 303 697 385; x_wconf 81' lang='lat' dir='ltr'>appropinquaret,</span> <span class='ocrx_word' id='word_1_6' title='bbox 719 301 760 365; x_wconf 91' lang='lat' dir='ltr'>de</span> <span class='ocrx_word' id='word_1_7' title='bbox 783 303 836 364; x_wconf 91' lang='lat' dir='ltr'>his</span> <span class='ocrx_word' id='word_1_8' title='bbox 856 304 1007 366; x_wconf 89' lang='lat' dir='ltr'>omnibus</span> <span class='ocrx_word' id='word_1_9' title='bbox 1029 306 1127 367; x_wconf 90' lang='lat' dir='ltr'>rebus</span> <span class='ocrx_word' id='word_1_10' title='bbox 1151 304 1221 369; x_wconf 71' lang='lat' dir='ltr'>ce&#39;r-</span> 
     </span>
     <span class='ocr_line' id='line_1_3' title="bbox 59 408 1296 489; baseline 0.004 -22"><span class='ocrx_word' id='word_1_11' title='bbox 59 408 113 470; x_wconf 88' lang='lat' dir='ltr'>tior</span> <span class='ocrx_word' id='word_1_12' title='bbox 133 410 240 473; x_wconf 84' lang='lat' dir='ltr'>factus</span> <span class='ocrx_word' id='word_1_13' title='bbox 268 413 319 472; x_wconf 90' lang='lat' dir='ltr'>est</span> <span class='ocrx_word' id='word_1_14' title='bbox 343 413 442 487; x_wconf 88' lang='lat' dir='ltr'>atque</span> <span class='ocrx_word' id='word_1_15' title='bbox 468 408 592 488; x_wconf 91' lang='lat' dir='ltr'>optimo</span> <span class='ocrx_word' id='word_1_16' title='bbox 620 408 693 470; x_wconf 88' lang='lat' dir='ltr'>iure</span> <span class='ocrx_word' id='word_1_17' title='bbox 719 412 847 489; x_wconf 79' lang='lat' dir='ltr'>septem</span> <span class='ocrx_word' id='word_1_18' title='bbox 871 409 948 471; x_wconf 89' lang='lat' dir='ltr'>illas</span> <span class='ocrx_word' id='word_1_19' title='bbox 973 411 1124 474; x_wconf 80' lang='lat' dir='ltr'><strong>cohortes</strong></span> <span class='ocrx_word' id='word_1_20' title='bbox 1149 411 1220 473; x_wconf 85' lang='lat' dir='ltr'>Sul·</span> <span class='ocrx_word' id='word_1_21' title='bbox 1293 467 1296 472; x_wconf 91' lang='lat'>.</span> 
     </span>
     <span class='ocr_line' id='line_1_4' title="bbox 58 512 1220 598; baseline 0.005 -23"><span class='ocrx_word' id='word_1_22' title='bbox 58 535 141 578; x_wconf 91' lang='lat' dir='ltr'>mone</span> <span class='ocrx_word' id='word_1_23' title='bbox 173 516 372 597; x_wconf 81' lang='lat' dir='ltr'>collocatas,</span> <span class='ocrx_word' id='word_1_24' title='bbox 408 514 495 596; x_wconf 91' lang='lat' dir='ltr'>quod</span> <span class='ocrx_word' id='word_1_25' title='bbox 513 513 683 596; x_wconf 57' lang='lat' dir='ltr'>¹oppidum</span> <span class='ocrx_word' id='word_1_26' title='bbox 711 534 731 576; x_wconf 90' lang='lat' dir='ltr'>a</span> <span class='ocrx_word' id='word_1_27' title='bbox 761 512 906 578; x_wconf 74' lang='lat' dir='ltr'>Corfinio</span> <span class='ocrx_word' id='word_1_28' title='bbox 934 523 1061 598; x_wconf 81' lang='lat' dir='ltr'>septem</span> <span class='ocrx_word' id='word_1_29' title='bbox 1092 522 1220 581; x_wconf 88' lang='lat' dir='ltr'>tantum</span> 
     </span>
     <span class='ocr_line' id='line_1_5' title="bbox 59 619 1219 705; baseline 0.003 -22"><span class='ocrx_word' id='word_1_30' title='bbox 59 622 174 684; x_wconf 89' lang='lat' dir='ltr'>milium</span> <span class='ocrx_word' id='word_1_31' title='bbox 198 623 381 686; x_wconf 78' lang='lat' dir='ltr'>Intervallo</span> <span class='ocrx_word' id='word_1_32' title='bbox 406 623 539 685; x_wconf 88' lang='lat' dir='ltr'>abesset</span> <span class='ocrx_word' id='word_1_33' title='bbox 558 619 672 700; x_wconf 75' lang='lat' dir='ltr'>(Caes.</span> <span class='ocrx_word' id='word_1_34' title='bbox 696 622 728 700; x_wconf 79' lang='lat' dir='ltr'>I,</span> <span class='ocrx_word' id='word_1_35' title='bbox 755 622 811 703; x_wconf 89' lang='lat'>18,</span> <span class='ocrx_word' id='word_1_36' title='bbox 836 623 884 705; x_wconf 81' lang='lat'>1),</span> <span class='ocrx_word' id='word_1_37' title='bbox 909 622 1219 688; x_wconf 75' lang='lat' dir='ltr'>duodecim-cohor-</span> 
     </span>
     <span class='ocr_line' id='line_1_6' title="bbox 60 726 1221 812; baseline 0.005 -25"><span class='ocrx_word' id='word_1_38' title='bbox 60 728 134 789; x_wconf 90' lang='lat' dir='ltr'>tibus</span> <span class='ocrx_word' id='word_1_39' title='bbox 158 726 420 791; x_wconf 78' lang='lat' dir='ltr'>Corfiniensibus</span> <span class='ocrx_word' id='word_1_40' title='bbox 433 746 663 790; x_wconf 81' lang='lat' dir='ltr'>annumerare</span> <span class='ocrx_word' id='word_1_41' title='bbox 688 732 860 808; x_wconf 91' lang='lat' dir='ltr'>totumque</span> <span class='ocrx_word' id='word_1_42' title='bbox 880 730 1064 792; x_wconf 88' lang='lat' dir='ltr'>exercitum</span> <span class='ocrx_word' id='word_1_43' title='bbox 1089 730 1130 793; x_wconf 90' lang='lat' dir='ltr'>ab</span> <span class='ocrx_word' id='word_1_44' title='bbox 1149 731 1221 812; x_wconf 91' lang='lat' dir='ltr'>ipso</span> 
     </span>
     <span class='ocr_line' id='line_1_7' title="bbox 61 831 1219 917; baseline 0.003 -23"><span class='ocrx_word' id='word_1_45' title='bbox 61 833 192 897; x_wconf 89' lang='lat' dir='ltr'>Domitio</span> <span class='ocrx_word' id='word_1_46' title='bbox 208 839 363 898; x_wconf 91' lang='lat' dir='ltr'>coactum</span> <span class='ocrx_word' id='word_1_47' title='bbox 378 832 586 914; x_wconf 85' lang='lat' dir='ltr'>undeviginti</span> <span class='ocrx_word' id='word_1_48' title='bbox 600 834 670 912; x_wconf 80' lang='lat' dir='ltr'>[vel</span> <span class='ocrx_word' id='word_1_49' title='bbox 684 834 841 917; x_wconf 74' lang='lat' dir='ltr'>„circiter</span> <span class='ocrx_word' id='word_1_50' title='bbox 860 831 1021 915; x_wconf 55' lang='lat' dir='ltr'>vigintit)</span> <span class='ocrx_word' id='word_1_51' title='bbox 1035 837 1219 899; x_wconf 80' lang='lat' dir='ltr'>cohortium</span> 
     </span>
     <span class='ocr_line' id='line_1_8' title="bbox 60 941 879 1022; baseline 0.002 -22"><span class='ocrx_word' id='word_1_52' title='bbox 60 941 148 1002; x_wconf 85' lang='lat' dir='ltr'>luisse</span> <span class='ocrx_word' id='word_1_53' title='bbox 172 941 287 1004; x_wconf 88' lang='lat' dir='ltr'>dicere</span> <span class='ocrx_word' id='word_1_54' title='bbox 311 941 434 1022; x_wconf 91' lang='lat' dir='ltr'>potuit.</span> <span class='ocrx_word' id='word_1_55' title='bbox 874 950 879 961; x_wconf 89' lang='lat'>&#39;</span> 
     </span>
    </p>

    <p class='ocr_par' dir='ltr' id='par_1_3' title="bbox 95 1046 1217 1131">
     <span class='ocr_line' id='line_1_9' title="bbox 95 1046 1217 1131; baseline 0.003 -21"><span class='ocrx_word' id='word_1_56' title='bbox 95 1048 160 1111; x_wconf 90' lang='lat' dir='ltr'>Iam</span> <span class='ocrx_word' id='word_1_57' title='bbox 184 1048 367 1113; x_wconf 84' lang='lat' dir='ltr'>meministi</span> <span class='ocrx_word' id='word_1_58' title='bbox 386 1049 501 1129; x_wconf 80' lang='lat' dir='ltr'>paucis</span> <span class='ocrx_word' id='word_1_59' title='bbox 522 1047 638 1111; x_wconf 90' lang='lat' dir='ltr'>diebus</span> <span class='ocrx_word' id='word_1_60' title='bbox 659 1053 749 1131; x_wconf 83' lang='lat' dir='ltr'>ante,</span> <span class='ocrx_word' id='word_1_61' title='bbox 774 1069 872 1130; x_wconf 89' lang='lat' dir='ltr'>quarn</span> <span class='ocrx_word' id='word_1_62' title='bbox 892 1046 1077 1113; x_wconf 82' lang='lat' dir='ltr'>Corfinium</span> <span class='ocrx_word' id='word_1_63' title='bbox 1097 1070 1117 1113; x_wconf 85' lang='lat' dir='ltr'>a</span> <span class='ocrx_word' id='word_1_64' title='bbox 1136 1047 1217 1113; x_wconf 79' lang='lat' dir='ltr'>Cae-</span> 
     </span>
    </p>

    <p class='ocr_par' dir='ltr' id='par_1_4' title="bbox 8 1138 1290 1771">
     <span class='ocr_line' id='line_1_10' title="bbox 8 1138 1218 1254; baseline 0.004 -39"><span class='ocrx_word' id='word_1_65' title='bbox 8 1138 11 1147; x_wconf 58' lang='grc'>’</span> <span class='ocrx_word' id='word_1_66' title='bbox 60 1175 122 1219; x_wconf 87' lang='lat' dir='ltr'>sare</span> <span class='ocrx_word' id='word_1_67' title='bbox 143 1161 403 1239; x_wconf 83' lang='lat' dir='ltr'>oppugnaretur.</span> <span class='ocrx_word' id='word_1_68' title='bbox 429 1175 469 1220; x_wconf 93' lang='lat' dir='ltr'>eo</span> <span class='ocrx_word' id='word_1_69' title='bbox 495 1157 688 1237; x_wconf 89' lang='lat' dir='ltr'>pervenisse</span> <span class='ocrx_word' id='word_1_70' title='bbox 713 1157 902 1219; x_wconf 87' lang='lat' dir='ltr'>Vibullium</span> <span class='ocrx_word' id='word_1_71' title='bbox 926 1164 957 1220; x_wconf 89' lang='lat' dir='ltr'>et</span> <span class='ocrx_word' id='word_1_72' title='bbox 981 1158 1119 1220; x_wconf 82' lang='lat' dir='ltr'>HIrrum</span> <span class='ocrx_word' id='word_1_73' title='bbox 1144 1177 1218 1254; x_wconf 78' lang='lat' dir='ltr'>cmq</span> 
     </span>
     <span class='ocr_line' id='line_1_11' title="bbox 63 1261 1217 1344; baseline 0.003 -22"><span class='ocrx_word' id='word_1_74' title='bbox 63 1262 205 1327; x_wconf 86' lang='lat' dir='ltr'>tredecim</span> <span class='ocrx_word' id='word_1_75' title='bbox 232 1263 438 1328; x_wconf 84' lang='lat' dir='ltr'>cohortibus.</span> <span class='ocrx_word' id='word_1_76' title='bbox 475 1261 565 1344; x_wconf 78' lang='lat' dir='ltr'>Quas</span> <span class='ocrx_word' id='word_1_77' title='bbox 595 1263 624 1324; x_wconf 90' lang='lat' dir='ltr'>si</span> <span class='ocrx_word' id='word_1_78' title='bbox 655 1262 760 1325; x_wconf 86' lang='lat' dir='ltr'>addas</span> <span class='ocrx_word' id='word_1_79' title='bbox 791 1263 834 1326; x_wconf 89' lang='lat' dir='ltr'>ad</span> <span class='ocrx_word' id='word_1_80' title='bbox 861 1262 1034 1326; x_wconf 89' lang='lat' dir='ltr'>duodecim</span> <span class='ocrx_word' id='word_1_81' title='bbox 1064 1266 1217 1329; x_wconf 89' lang='lat' dir='ltr'>cohortes</span> 
     </span>
     <span class='ocr_line' id='line_1_12' title="bbox 62 1367 1221 1453; baseline 0.009 -24"><span class='ocrx_word' id='word_1_82' title='bbox 62 1368 199 1453; x_wconf 81' lang='lat' dir='ltr'>Domitii,</span> <span class='ocrx_word' id='word_1_83' title='bbox 224 1373 259 1432; x_wconf 93' lang='lat' dir='ltr'>in</span> <span class='ocrx_word' id='word_1_84' title='bbox 285 1372 356 1452; x_wconf 92' lang='lat' dir='ltr'>ipso</span> <span class='ocrx_word' id='word_1_85' title='bbox 380 1367 527 1433; x_wconf 77' lang='lat' dir='ltr'>Corfinio</span> <span class='ocrx_word' id='word_1_86' title='bbox 553 1375 622 1431; x_wconf 92' lang='lat' dir='ltr'>tum</span> <span class='ocrx_word' id='word_1_87' title='bbox 642 1369 762 1451; x_wconf 79' lang='lat' dir='ltr'>vigInti</span> <span class='ocrx_word' id='word_1_88' title='bbox 785 1371 928 1452; x_wconf 90' lang='lat' dir='ltr'>quinque</span> <span class='ocrx_word' id='word_1_89' title='bbox 948 1372 1221 1439; x_wconf 75' lang='lat' dir='ltr'>omninoeohor·¹</span> 
     </span>
     <span class='ocr_line' id='line_1_13' title="bbox 63 1476 1215 1559; baseline 0.004 -23"><span class='ocrx_word' id='word_1_90' title='bbox 63 1482 101 1538; x_wconf 91' lang='lat' dir='ltr'>tes</span> <span class='ocrx_word' id='word_1_91' title='bbox 117 1478 243 1541; x_wconf 89' lang='lat' dir='ltr'>iunctas</span> <span class='ocrx_word' id='word_1_92' title='bbox 268 1496 341 1540; x_wconf 90' lang='lat' dir='ltr'>esse</span> <span class='ocrx_word' id='word_1_93' title='bbox 362 1481 513 1558; x_wconf 90' lang='lat' dir='ltr'>apparet.</span> <span class='ocrx_word' id='word_1_94' title='bbox 541 1476 657 1555; x_wconf 86' lang='lat' dir='ltr'>Neque</span> <span class='ocrx_word' id='word_1_95' title='bbox 676 1476 705 1538; x_wconf 89' lang='lat' dir='ltr'>is</span> <span class='ocrx_word' id='word_1_96' title='bbox 725 1496 882 1550; x_wconf 86' lang='lat' dir='ltr'>numerus</span> <span class='ocrx_word' id='word_1_97' title='bbox 903 1476 1073 1558; x_wconf 87' lang='lat' dir='ltr'>discrepat</span> <span class='ocrx_word' id='word_1_98' title='bbox 1097 1479 1139 1541; x_wconf 85' lang='lat' dir='ltr'>ab</span> <span class='ocrx_word' id='word_1_99' title='bbox 1163 1497 1215 1559; x_wconf 87' lang='lat' dir='ltr'>ec,</span> 
     </span>
     <span class='ocr_line' id='line_1_14' title="bbox 62 1568 1290 1664; baseline 0.003 -18"><span class='ocrx_word' id='word_1_100' title='bbox 62 1584 133 1662; x_wconf 84' lang='lat' dir='ltr'>quod</span> <span class='ocrx_word' id='word_1_101' title='bbox 154 1568 321 1649; x_wconf 85' lang='lat' dir='ltr'>Domitius</span> <span class='ocrx_word' id='word_1_102' title='bbox 347 1584 546 1647; x_wconf 87' lang='lat' dir='ltr'>exercitibus</span> <span class='ocrx_word' id='word_1_103' title='bbox 566 1580 723 1646; x_wconf 79' lang='lat' dir='ltr'>Caesaris</span> <span class='ocrx_word' id='word_1_104' title='bbox 744 1585 989 1647; x_wconf 86' lang='lat' dir='ltr'>circumventus</span> <span class='ocrx_word' id='word_1_105' title='bbox 1009 1590 1057 1664; x_wconf 81' lang='lat' dir='ltr'>(a.</span> <span class='ocrx_word' id='word_1_106' title='bbox 1084 1584 1116 1647; x_wconf 92' lang='lat' dir='ltr'>d.</span> <span class='ocrx_word' id='word_1_107' title='bbox 1135 1585 1218 1647; x_wconf 87' lang='lat' dir='ltr'>XVI</span> <span class='ocrx_word' id='word_1_108' title='bbox 1287 1646 1290 1650; x_wconf 73' lang='grc'><strong>,</strong></span> 
     </span>
     <span class='ocr_line' id='line_1_15' title="bbox 64 1689 1215 1771; baseline 0.003 -21"><span class='ocrx_word' id='word_1_109' title='bbox 64 1690 212 1755; x_wconf 87' lang='lat' dir='ltr'>Kalendas</span> <span class='ocrx_word' id='word_1_110' title='bbox 236 1691 395 1769; x_wconf 87' lang='lat' dir='ltr'>Martias)</span> <span class='ocrx_word' id='word_1_111' title='bbox 418 1689 460 1752; x_wconf 89' lang='lat' dir='ltr'>ad</span> <span class='ocrx_word' id='word_1_112' title='bbox 483 1690 678 1770; x_wconf 90' lang='lat' dir='ltr'>Pompeium</span> <span class='ocrx_word' id='word_1_113' title='bbox 700 1690 847 1771; x_wconf 74' lang='lat' dir='ltr'>scripsit,</span> <span class='ocrx_word' id='word_1_114' title='bbox 874 1691 940 1753; x_wconf 87' lang='lat' dir='ltr'>nisi</span> <span class='ocrx_word' id='word_1_115' title='bbox 964 1691 1029 1755; x_wconf 90' lang='lat' dir='ltr'>sibi</span> <span class='ocrx_word' id='word_1_116' title='bbox 1053 1693 1215 1753; x_wconf 87' lang='lat' dir='ltr'>auxilium</span> 
     </span>
    </p>

    <p class='ocr_par' dir='ltr' id='par_1_5' title="bbox 4 1790 1214 1883">
     <span class='ocr_line' id='line_1_16' title="bbox 4 1790 1214 1883; baseline 0.003 -27"><span class='ocrx_word' id='word_1_117' title='bbox 4 1878 5 1881; x_wconf 8' lang='grc' dir='ltr'><strong>Ἴ</strong></span> <span class='ocrx_word' id='word_1_118' title='bbox 63 1795 148 1860; x_wconf 89' lang='lat' dir='ltr'>latum</span> <span class='ocrx_word' id='word_1_119' title='bbox 170 1804 269 1880; x_wconf 82' lang='lat' dir='ltr'>esset,</span> <span class='ocrx_word' id='word_1_120' title='bbox 294 1817 351 1883; x_wconf 64' lang='lat' dir='ltr'>,se</span> <span class='ocrx_word' id='word_1_121' title='bbox 369 1799 588 1877; x_wconf 86' lang='lat' dir='ltr'>cohortesque</span> <span class='ocrx_word' id='word_1_122' title='bbox 608 1790 778 1878; x_wconf 83' lang='lat' dir='ltr'>amplius</span> <span class='ocrx_word' id='word_1_123' title='bbox 800 1796 902 1859; x_wconf 89' lang='lat' dir='ltr'>XXX</span> <span class='ocrx_word' id='word_1_124' title='bbox 922 1817 1142 1881; x_wconf 85' lang='lat' dir='ltr'>magnumque</span> <span class='ocrx_word' id='word_1_125' title='bbox 1158 1820 1214 1860; x_wconf 89' lang='lat' dir='ltr'>uu·</span> 
     </span>
    </p>

    <p class='ocr_par' dir='ltr' id='par_1_6' title="bbox 3 1903 1215 1989">
     <span class='ocr_line' id='line_1_17' title="bbox 3 1903 1215 1989; baseline 0.004 -26"><span class='ocrx_word' id='word_1_126' title='bbox 3 1986 4 1989; x_wconf 8' lang='lat'>¹</span> <span class='ocrx_word' id='word_1_127' title='bbox 64 1922 169 1968; x_wconf 85' lang='lat' dir='ltr'>nerum</span> <span class='ocrx_word' id='word_1_128' title='bbox 194 1911 384 1968; x_wconf 89' lang='lat' dir='ltr'>senatorum</span> <span class='ocrx_word' id='word_1_129' title='bbox 409 1908 508 1986; x_wconf 87' lang='lat' dir='ltr'>atque</span> <span class='ocrx_word' id='word_1_130' title='bbox 536 1905 684 1984; x_wconf 89' lang='lat' dir='ltr'>equitum</span> <span class='ocrx_word' id='word_1_131' title='bbox 714 1903 943 1968; x_wconf 86' lang='lat' dir='ltr'>Romanorum</span> <span class='ocrx_word' id='word_1_132' title='bbox 971 1907 1006 1967; x_wconf 88' lang='lat' dir='ltr'>iu</span> <span class='ocrx_word' id='word_1_133' title='bbox 1030 1907 1215 1987; x_wconf 87' lang='lat' dir='ltr'>periculum</span> 
     </span>
    </p>
   </div>
   <div class='ocr_carea' id='block_1_3' title="bbox 1 2127 1311 4027">
    <p class='ocr_par' dir='ltr' id='par_1_7' title="bbox 68 2127 1214 2202">
     <span class='ocr_line' id='line_1_18' title="bbox 68 2127 1214 2202; baseline 0.002 -17"><span class='ocrx_word' id='word_1_134' title='bbox 68 2127 116 2188; x_wconf 82' lang='lat' dir='ltr'>tacit</span> <span class='ocrx_word' id='word_1_135' title='bbox 130 2132 291 2190; x_wconf 83' lang='lat' dir='ltr'>Domitium</span> <span class='ocrx_word' id='word_1_136' title='bbox 311 2135 341 2188; x_wconf 90' lang='lat' dir='ltr'>et</span> <span class='ocrx_word' id='word_1_137' title='bbox 355 2147 422 2188; x_wconf 90' lang='lat' dir='ltr'>suas</span> <span class='ocrx_word' id='word_1_138' title='bbox 435 2130 494 2189; x_wconf 90' lang='lat' dir='ltr'>XII</span> <span class='ocrx_word' id='word_1_139' title='bbox 507 2136 537 2186; x_wconf 90' lang='lat' dir='ltr'>et</span> <span class='ocrx_word' id='word_1_140' title='bbox 551 2130 673 2188; x_wconf 90' lang='lat' dir='ltr'>Vibullii</span> <span class='ocrx_word' id='word_1_141' title='bbox 688 2130 829 2202; x_wconf 88' lang='lat' dir='ltr'>Hirrique</span> <span class='ocrx_word' id='word_1_142' title='bbox 843 2131 916 2189; x_wconf 89' lang='lat' dir='ltr'>XIX</span> <span class='ocrx_word' id='word_1_143' title='bbox 930 2132 1068 2189; x_wconf 90' lang='lat' dir='ltr'>cohortes</span> <span class='ocrx_word' id='word_1_144' title='bbox 1082 2130 1214 2199; x_wconf 83' lang='lat' dir='ltr'>Corfinii,</span> 
     </span>
    </p>

    <p class='ocr_par' dir='ltr' id='par_1_8' title="bbox 66 2236 1213 2310">
     <span class='ocr_line' id='line_1_19' title="bbox 66 2236 1213 2310; baseline 0.003 -19"><span class='ocrx_word' id='word_1_145' title='bbox 66 2236 147 2309; x_wconf 83' lang='lat' dir='ltr'>thee,</span> <span class='ocrx_word' id='word_1_146' title='bbox 169 2240 307 2299; x_wconf 90' lang='lat' dir='ltr'>Sulmone</span> <span class='ocrx_word' id='word_1_147' title='bbox 326 2239 368 2296; x_wconf 89' lang='lat' dir='ltr'>ita</span> <span class='ocrx_word' id='word_1_148' title='bbox 396 2237 569 2295; x_wconf 86' lang='lat' dir='ltr'>distributas</span> <span class='ocrx_word' id='word_1_149' title='bbox 598 2238 718 2306; x_wconf 88' lang='lat' dir='ltr'>habere,</span> <span class='ocrx_word' id='word_1_150' title='bbox 747 2242 781 2294; x_wconf 92' lang='lat' dir='ltr'>ut</span> <span class='ocrx_word' id='word_1_151' title='bbox 804 2253 853 2295; x_wconf 89' lang='lat' dir='ltr'>eas</span> <span class='ocrx_word' id='word_1_152' title='bbox 873 2238 1014 2309; x_wconf 88' lang='lat' dir='ltr'>expedire</span> <span class='ocrx_word' id='word_1_153' title='bbox 1033 2254 1091 2295; x_wconf 93' lang='lat' dir='ltr'>non</span> <span class='ocrx_word' id='word_1_154' title='bbox 1110 2238 1213 2310; x_wconf 86' lang='lat' dir='ltr'>possIt.</span> 
     </span>
    </p>

    <p class='ocr_par' dir='ltr' id='par_1_9' title="bbox 1 2328 1217 3275">
     <span class='ocr_line' id='line_1_20' title="bbox 64 2328 1214 2419; baseline 0.003 -20"><span class='ocrx_word' id='word_1_155' title='bbox 64 2343 120 2403; x_wconf 78' lang='lat' dir='ltr'>lien</span> <span class='ocrx_word' id='word_1_156' title='bbox 147 2349 198 2405; x_wconf 88' lang='lat' dir='ltr'>etsi</span> <span class='ocrx_word' id='word_1_157' title='bbox 226 2348 254 2405; x_wconf 90' lang='lat' dir='ltr'>ei</span> <span class='ocrx_word' id='word_1_158' title='bbox 277 2347 423 2419; x_wconf 88' lang='lat' dir='ltr'>epistolae</span> <span class='ocrx_word' id='word_1_159' title='bbox 442 2328 507 2403; x_wconf 77' lang='lat' dir='ltr'>diss</span> <span class='ocrx_word' id='word_1_160' title='bbox 536 2345 681 2417; x_wconf 89' lang='lat' dir='ltr'>ascriptus</span> <span class='ocrx_word' id='word_1_161' title='bbox 709 2362 769 2403; x_wconf 90' lang='lat' dir='ltr'>nou</span> <span class='ocrx_word' id='word_1_162' title='bbox 790 2351 845 2414; x_wconf 90' lang='lat' dir='ltr'>est,</span> <span class='ocrx_word' id='word_1_163' title='bbox 866 2352 965 2402; x_wconf 85' lang='lat' dir='ltr'>tamen</span> <span class='ocrx_word' id='word_1_164' title='bbox 984 2362 1021 2403; x_wconf 82' lang='lat' dir='ltr'>ex</span> <span class='ocrx_word' id='word_1_165' title='bbox 1040 2346 1109 2412; x_wconf 88' lang='lat' dir='ltr'>alia,</span> <span class='ocrx_word' id='word_1_166' title='bbox 1130 2363 1214 2417; x_wconf 87' lang='lat' dir='ltr'>quam</span> 
     </span>
     <span class='ocr_line' id='line_1_21' title="bbox 1 2439 1213 2524; baseline 0.004 -20"><span class='ocrx_word' id='word_1_167' title='bbox 1 2495 2 2498; x_wconf 60' lang='grc'>,</span> <span class='ocrx_word' id='word_1_168' title='bbox 33 2471 42 2504; x_wconf 77' lang='lat' dir='ltr'>s</span> <span class='ocrx_word' id='word_1_169' title='bbox 64 2450 197 2524; x_wconf 88' lang='lat' dir='ltr'>Pompeius</span> <span class='ocrx_word' id='word_1_170' title='bbox 216 2454 321 2512; x_wconf 90' lang='lat' dir='ltr'>ecdem</span> <span class='ocrx_word' id='word_1_171' title='bbox 341 2459 475 2524; x_wconf 91' lang='lat' dir='ltr'>tempore</span> <span class='ocrx_word' id='word_1_172' title='bbox 495 2451 533 2508; x_wconf 88' lang='lat' dir='ltr'>ad</span> <span class='ocrx_word' id='word_1_173' title='bbox 551 2451 714 2509; x_wconf 91' lang='lat' dir='ltr'>Domitium</span> <span class='ocrx_word' id='word_1_174' title='bbox 730 2451 809 2508; x_wconf 89' lang='lat' dir='ltr'>misit</span> <span class='ocrx_word' id='word_1_175' title='bbox 823 2439 990 2523; x_wconf 35' lang='lat' dir='ltr'>(apud&#39;Cic.</span> <span class='ocrx_word' id='word_1_176' title='bbox 1007 2452 1045 2509; x_wconf 90' lang='lat' dir='ltr'>ad</span> <span class='ocrx_word' id='word_1_177' title='bbox 1057 2453 1120 2510; x_wconf 86' lang='lat' dir='ltr'>Att.</span> <span class='ocrx_word' id='word_1_178' title='bbox 1134 2452 1213 2520; x_wconf 85' lang='lat' dir='ltr'><strong>VIII,</strong></span> 
     </span>
     <span class='ocr_line' id='line_1_22' title="bbox 2 2558 1214 2634; baseline 0.004 -21"><span class='ocrx_word' id='word_1_179' title='bbox 2 2580 5 2634; x_wconf 64' lang='lat'><strong>,</strong></span> <span class='ocrx_word' id='word_1_180' title='bbox 63 2561 87 2614; x_wconf 78' lang='lat' dir='ltr'>lt</span> <span class='ocrx_word' id='word_1_181' title='bbox 111 2562 142 2629; x_wconf 87' lang='lat' dir='ltr'>B,</span> <span class='ocrx_word' id='word_1_182' title='bbox 170 2567 207 2634; x_wconf 87' lang='lat' dir='ltr'>l),</span> <span class='ocrx_word' id='word_1_183' title='bbox 227 2561 345 2620; x_wconf 83' lang='lat' dir='ltr'>efficere</span> <span class='ocrx_word' id='word_1_184' title='bbox 364 2576 530 2633; x_wconf 86' lang='lat' dir='ltr'>possumus,</span> <span class='ocrx_word' id='word_1_185' title='bbox 551 2563 581 2617; x_wconf 92' lang='lat' dir='ltr'>et</span> <span class='ocrx_word' id='word_1_186' title='bbox 603 2560 678 2617; x_wconf 89' lang='lat' dir='ltr'>hauc</span> <span class='ocrx_word' id='word_1_187' title='bbox 698 2560 826 2617; x_wconf 88' lang='lat' dir='ltr'>stillam</span> <span class='ocrx_word' id='word_1_188' title='bbox 845 2565 969 2617; x_wconf 88' lang='lat' dir='ltr'>autuno</span> <span class='ocrx_word' id='word_1_189' title='bbox 990 2560 1037 2617; x_wconf 92' lang='lat' dir='ltr'>die</span> <span class='ocrx_word' id='word_1_190' title='bbox 1057 2565 1107 2616; x_wconf 89' lang='lat' dir='ltr'>aut</span> <span class='ocrx_word' id='word_1_191' title='bbox 1125 2558 1214 2618; x_wconf 89' lang='lat' dir='ltr'>biduo</span> 
     </span>
     <span class='ocr_line' id='line_1_23' title="bbox 5 2665 1213 2741; baseline 0.001 -20"><span class='ocrx_word' id='word_1_192' title='bbox 5 2716 7 2731; x_wconf 59' lang='lat'><strong>,</strong></span> <span class='ocrx_word' id='word_1_193' title='bbox 61 2671 117 2733; x_wconf 87' lang='lat' dir='ltr'>post</span> <span class='ocrx_word' id='word_1_194' title='bbox 132 2668 162 2739; x_wconf 78' lang='lat' dir='ltr'>Q.</span> <span class='ocrx_word' id='word_1_195' title='bbox 179 2668 265 2726; x_wconf 85' lang='lat' dir='ltr'>Fabii</span> <span class='ocrx_word' id='word_1_196' title='bbox 284 2667 439 2741; x_wconf 87' lang='lat' dir='ltr'>adventum</span> <span class='ocrx_word' id='word_1_197' title='bbox 458 2665 542 2723; x_wconf 90' lang='lat' dir='ltr'>datas</span> <span class='ocrx_word' id='word_1_198' title='bbox 561 2681 637 2733; x_wconf 90' lang='lat' dir='ltr'>esse,</span> <span class='ocrx_word' id='word_1_199' title='bbox 657 2665 688 2722; x_wconf 92' lang='lat' dir='ltr'>id</span> <span class='ocrx_word' id='word_1_200' title='bbox 702 2665 795 2723; x_wconf 90' lang='lat' dir='ltr'>estiis</span> <span class='ocrx_word' id='word_1_201' title='bbox 809 2665 919 2728; x_wconf 89' lang='lat' dir='ltr'>diebus,</span> <span class='ocrx_word' id='word_1_202' title='bbox 935 2666 1040 2737; x_wconf 90' lang='lat' dir='ltr'>quibus</span> <span class='ocrx_word' id='word_1_203' title='bbox 1055 2665 1213 2737; x_wconf 91' lang='lat' dir='ltr'>Pompeius</span> 
     </span>
     <span class='ocr_line' id='line_1_24' title="bbox 3 2773 1211 2855; baseline 0.001 -27"><span class='ocrx_word' id='word_1_204' title='bbox 3 2840 4 2843; x_wconf 7' lang='grc' dir='ltr'><strong>Ἴ</strong></span> <span class='ocrx_word' id='word_1_205' title='bbox 61 2773 179 2832; x_wconf 89' lang='lat' dir='ltr'>nihildum</span> <span class='ocrx_word' id='word_1_206' title='bbox 198 2776 234 2833; x_wconf 89' lang='lat' dir='ltr'>de</span> <span class='ocrx_word' id='word_1_207' title='bbox 254 2776 364 2855; x_wconf 74' lang='lat' dir='ltr'>ultImis</span> <span class='ocrx_word' id='word_1_208' title='bbox 382 2775 472 2832; x_wconf 90' lang='lat' dir='ltr'>rebus</span> <span class='ocrx_word' id='word_1_209' title='bbox 492 2774 529 2831; x_wconf 89' lang='lat' dir='ltr'>ad</span> <span class='ocrx_word' id='word_1_210' title='bbox 549 2773 711 2832; x_wconf 86' lang='lat' dir='ltr'>Corfinium</span> <span class='ocrx_word' id='word_1_211' title='bbox 729 2774 820 2847; x_wconf 80' lang='lat' dir='ltr'>gestis</span> <span class='ocrx_word' id='word_1_212' title='bbox 841 2775 1083 2845; x_wconf 88' lang='lat' dir='ltr'>comperisset-</span> <span class='ocrx_word' id='word_1_213' title='bbox 1098 2777 1160 2846; x_wconf 87' lang='lat' dir='ltr'>(aut</span> <span class='ocrx_word' id='word_1_214' title='bbox 1184 2791 1211 2831; x_wconf 90' lang='lat' dir='ltr'>a.</span> 
     </span>
     <span class='ocr_line' id='line_1_25' title="bbox 4 2877 1213 2955; baseline 0.004 -22"><span class='ocrx_word' id='word_1_215' title='bbox 4 2952 5 2955; x_wconf 8' lang='grc' dir='ltr'><strong>Ἴ</strong></span> <span class='ocrx_word' id='word_1_216' title='bbox 61 2877 83 2933; x_wconf 91' lang='lat' dir='ltr'>d.</span> <span class='ocrx_word' id='word_1_217' title='bbox 105 2881 142 2938; x_wconf 91' lang='lat' dir='ltr'>Ill</span> <span class='ocrx_word' id='word_1_218' title='bbox 167 2887 217 2940; x_wconf 91' lang='lat' dir='ltr'>aut</span> <span class='ocrx_word' id='word_1_219' title='bbox 244 2881 339 2953; x_wconf 87' lang='lat' dir='ltr'>pridie</span> <span class='ocrx_word' id='word_1_220' title='bbox 367 2880 435 2938; x_wconf 92' lang='lat' dir='ltr'>Idus</span> <span class='ocrx_word' id='word_1_221' title='bbox 464 2881 578 2952; x_wconf 71' lang='lat' dir='ltr'>Febr).</span> <span class='ocrx_word' id='word_1_222' title='bbox 599 2911 634 2921; x_wconf 94' lang='lat'>-</span> <span class='ocrx_word' id='word_1_223' title='bbox 654 2880 739 2952; x_wconf 76' lang='lat' dir='ltr'>Quod</span> <span class='ocrx_word' id='word_1_224' title='bbox 769 2880 874 2938; x_wconf 86' lang='lat' dir='ltr'>Cicero</span> <span class='ocrx_word' id='word_1_225' title='bbox 899 2881 938 2938; x_wconf 92' lang='lat' dir='ltr'>ad</span> <span class='ocrx_word' id='word_1_226' title='bbox 956 2881 1089 2938; x_wconf 79' lang='lat' dir='ltr'>AttIeum</span> <span class='ocrx_word' id='word_1_227' title='bbox 1108 2881 1213 2938; x_wconf 90' lang='lat' dir='ltr'>scribit</span> 
     </span>
     <span class='ocr_line' id='line_1_26' title="bbox 9 2986 1212 3061; baseline 0.002 -18"><span class='ocrx_word' id='word_1_228' title='bbox 9 3040 10 3043; x_wconf 74' lang='grc'>,</span> <span class='ocrx_word' id='word_1_229' title='bbox 61 2986 99 3053; x_wconf 80' lang='lat' dir='ltr'>(cd</span> <span class='ocrx_word' id='word_1_230' title='bbox 120 2990 176 3048; x_wconf 81' lang='lat' dir='ltr'>Att.</span> <span class='ocrx_word' id='word_1_231' title='bbox 205 2990 288 3058; x_wconf 87' lang='lat' dir='ltr'><strong>VIII,</strong></span> <span class='ocrx_word' id='word_1_232' title='bbox 316 2991 344 3059; x_wconf 81' lang='lat'>7,</span> <span class='ocrx_word' id='word_1_233' title='bbox 366 2992 392 3059; x_wconf 86' lang='lat'>1)</span> <span class='ocrx_word' id='word_1_234' title='bbox 411 2988 573 3046; x_wconf 90' lang='lat' dir='ltr'>Domitium</span> <span class='ocrx_word' id='word_1_235' title='bbox 592 2988 715 3061; x_wconf 79' lang='lat' dir='ltr'>trIginta</span> <span class='ocrx_word' id='word_1_236' title='bbox 733 2987 872 3046; x_wconf 87' lang='lat' dir='ltr'>cohortes</span> <span class='ocrx_word' id='word_1_237' title='bbox 891 2989 1012 3057; x_wconf 89' lang='lat' dir='ltr'>habere,</span> <span class='ocrx_word' id='word_1_238' title='bbox 1033 3005 1068 3046; x_wconf 86' lang='lat' dir='ltr'>ea</span> <span class='ocrx_word' id='word_1_239' title='bbox 1087 2989 1212 3061; x_wconf 87' lang='lat' dir='ltr'>epistola</span> 
     </span>
     <span class='ocr_line' id='line_1_27' title="bbox 3 3092 1217 3175; baseline 0.006 -28"><span class='ocrx_word' id='word_1_240' title='bbox 3 3114 9 3167; x_wconf 65' lang='lat' dir='ltr'>j,</span> <span class='ocrx_word' id='word_1_241' title='bbox 62 3092 121 3153; x_wconf 90' lang='lat' dir='ltr'>inter</span> <span class='ocrx_word' id='word_1_242' title='bbox 137 3099 188 3155; x_wconf 89' lang='lat' dir='ltr'>VII</span> <span class='ocrx_word' id='word_1_243' title='bbox 206 3104 236 3157; x_wconf 89' lang='lat' dir='ltr'>et</span> <span class='ocrx_word' id='word_1_244' title='bbox 255 3099 281 3155; x_wconf 90' lang='lat' dir='ltr'>V</span> <span class='ocrx_word' id='word_1_245' title='bbox 301 3096 451 3155; x_wconf 85' lang='lat' dir='ltr'>Kalendas</span> <span class='ocrx_word' id='word_1_246' title='bbox 470 3096 596 3155; x_wconf 87' lang='lat' dir='ltr'>Martias</span> <span class='ocrx_word' id='word_1_247' title='bbox 615 3096 685 3154; x_wconf 86' lang='lat' dir='ltr'>data</span> <span class='ocrx_word' id='word_1_248' title='bbox 703 3100 758 3165; x_wconf 88' lang='lat' dir='ltr'>est,</span> <span class='ocrx_word' id='word_1_249' title='bbox 777 3096 808 3154; x_wconf 93' lang='lat' dir='ltr'>id</span> <span class='ocrx_word' id='word_1_250' title='bbox 827 3101 873 3154; x_wconf 88' lang='lat' dir='ltr'>est</span> <span class='ocrx_word' id='word_1_251' title='bbox 892 3096 1089 3169; x_wconf 89' lang='lat' dir='ltr'>compluribus</span> <span class='ocrx_word' id='word_1_252' title='bbox 1108 3096 1217 3175; x_wconf 32' lang='lat' dir='ltr'>diebus,</span> 
     </span>
     <span class='ocr_line' id='line_1_28' title="bbox 4 3201 1211 3275; baseline 0.008 -26"><span class='ocrx_word' id='word_1_253' title='bbox 4 3240 14 3249; x_wconf 60' lang='grc'>,,</span> <span class='ocrx_word' id='word_1_254' title='bbox 62 3206 113 3257; x_wconf 82' lang='lat' dir='ltr'>aute</span> <span class='ocrx_word' id='word_1_255' title='bbox 136 3205 289 3275; x_wconf 88' lang='lat' dir='ltr'>epistolam</span> <span class='ocrx_word' id='word_1_256' title='bbox 317 3203 397 3275; x_wconf 87' lang='lat' dir='ltr'><strong>VIII,</strong></span> <span class='ocrx_word' id='word_1_257' title='bbox 427 3206 460 3260; x_wconf 82' lang='lat'>12</span> <span class='ocrx_word' id='word_1_258' title='bbox 487 3202 583 3275; x_wconf 90' lang='lat' dir='ltr'>pridie</span> <span class='ocrx_word' id='word_1_259' title='bbox 612 3202 761 3260; x_wconf 87' lang='lat' dir='ltr'>Kalendas</span> <span class='ocrx_word' id='word_1_260' title='bbox 789 3203 915 3260; x_wconf 87' lang='lat' dir='ltr'>Martias</span> <span class='ocrx_word' id='word_1_261' title='bbox 939 3203 976 3259; x_wconf 89' lang='lat' dir='ltr'>ad</span> <span class='ocrx_word' id='word_1_262' title='bbox 994 3201 1126 3259; x_wconf 86' lang='lat' dir='ltr'>Atticum</span> <span class='ocrx_word' id='word_1_263' title='bbox 1145 3219 1211 3259; x_wconf 92' lang='lat' dir='ltr'>cum</span> 
     </span>
    </p>

    <p class='ocr_par' dir='ltr' id='par_1_10' title="bbox 2 3302 1210 3498">
     <span class='ocr_line' id='line_1_29' title="bbox 61 3302 1209 3391; baseline 0.007 -34"><span class='ocrx_word' id='word_1_264' title='bbox 61 3302 177 3365; x_wconf 74' lang='lat' dir='ltr'>adiunctis</span> <span class='ocrx_word' id='word_1_265' title='bbox 194 3308 254 3365; x_wconf 90' lang='lat' dir='ltr'>illis</span> <span class='ocrx_word' id='word_1_266' title='bbox 273 3309 397 3380; x_wconf 89' lang='lat' dir='ltr'>Pompei</span> <span class='ocrx_word' id='word_1_267' title='bbox 416 3307 524 3364; x_wconf 90' lang='lat' dir='ltr'>litteris</span> <span class='ocrx_word' id='word_1_268' title='bbox 543 3307 640 3378; x_wconf 87' lang='lat' dir='ltr'><strong>(VIII,</strong></span> <span class='ocrx_word' id='word_1_269' title='bbox 662 3311 695 3365; x_wconf 88' lang='grc'>12</span> <span class='ocrx_word' id='word_1_270' title='bbox 713 3309 753 3378; x_wconf 87' lang='lat' dir='ltr'>A)</span> <span class='ocrx_word' id='word_1_271' title='bbox 772 3308 900 3364; x_wconf 89' lang='lat' dir='ltr'>missam.</span> <span class='ocrx_word' id='word_1_272' title='bbox 929 3307 976 3365; x_wconf 84' lang='lat' dir='ltr'>Ex</span> <span class='ocrx_word' id='word_1_273' title='bbox 996 3323 1053 3391; x_wconf 81' lang='lat' dir='ltr'>quo</span> <span class='ocrx_word' id='word_1_274' title='bbox 1073 3306 1209 3376; x_wconf 88' lang='lat' dir='ltr'>efficitur,</span> 
     </span>
     <span class='ocr_line' id='line_1_30' title="bbox 2 3414 1210 3498; baseline 0.006 -30"><span class='ocrx_word' id='word_1_275' title='bbox 2 3476 4 3478; x_wconf 41' lang='grc'>,</span> <span class='ocrx_word' id='word_1_276' title='bbox 62 3414 148 3472; x_wconf 80' lang='lat' dir='ltr'>tautum</span> <span class='ocrx_word' id='word_1_277' title='bbox 165 3416 285 3498; x_wconf 80' lang='lat' dir='ltr'>afuisse,</span> <span class='ocrx_word' id='word_1_278' title='bbox 305 3423 337 3475; x_wconf 90' lang='lat' dir='ltr'>ut</span> <span class='ocrx_word' id='word_1_279' title='bbox 356 3416 461 3476; x_wconf 84' lang='lat' dir='ltr'>Cicero</span> <span class='ocrx_word' id='word_1_280' title='bbox 479 3417 531 3474; x_wconf 93' lang='lat' dir='ltr'>illo</span> <span class='ocrx_word' id='word_1_281' title='bbox 550 3421 685 3489; x_wconf 86' lang='lat' dir='ltr'>tempore</span> <span class='ocrx_word' id='word_1_282' title='bbox 704 3418 780 3475; x_wconf 87' lang='lat' dir='ltr'>scire</span> <span class='ocrx_word' id='word_1_283' title='bbox 800 3423 901 3488; x_wconf 89' lang='lat' dir='ltr'>posset</span> <span class='ocrx_word' id='word_1_284' title='bbox 928 3421 1040 3488; x_wconf 91' lang='lat' dir='ltr'>septem</span> <span class='ocrx_word' id='word_1_285' title='bbox 1070 3417 1210 3475; x_wconf 85' lang='lat' dir='ltr'>cohortes</span> 
     </span>
    </p>

    <p class='ocr_par' dir='ltr' id='par_1_11' title="bbox 1 3525 1210 3705">
     <span class='ocr_line' id='line_1_31' title="bbox 61 3525 1210 3595; baseline 0.004 -18"><span class='ocrx_word' id='word_1_286' title='bbox 61 3534 139 3581; x_wconf 82' lang='lat' dir='ltr'>recens</span> <span class='ocrx_word' id='word_1_287' title='bbox 155 3541 172 3583; x_wconf 89' lang='lat' dir='ltr'>a</span> <span class='ocrx_word' id='word_1_288' title='bbox 190 3525 323 3584; x_wconf 91' lang='lat' dir='ltr'>Domitio</span> <span class='ocrx_word' id='word_1_289' title='bbox 343 3530 510 3583; x_wconf 88' lang='lat' dir='ltr'>contractas</span> <span class='ocrx_word' id='word_1_290' title='bbox 529 3530 560 3583; x_wconf 92' lang='lat' dir='ltr'>ct</span> <span class='ocrx_word' id='word_1_291' title='bbox 579 3525 715 3595; x_wconf 85' lang='lat' dir='ltr'>Sulmone</span> <span class='ocrx_word' id='word_1_292' title='bbox 734 3525 893 3585; x_wconf 86' lang='lat' dir='ltr'>collocatas</span> <span class='ocrx_word' id='word_1_293' title='bbox 913 3542 988 3595; x_wconf 89' lang='lat' dir='ltr'>esse,</span> <span class='ocrx_word' id='word_1_294' title='bbox 1003 3531 1036 3583; x_wconf 93' lang='lat' dir='ltr'>ut</span> <span class='ocrx_word' id='word_1_295' title='bbox 1050 3525 1210 3583; x_wconf 87' lang='lat' dir='ltr'>secundum</span> 
     </span>
     <span class='ocr_line' id='line_1_32' title="bbox 1 3612 1207 3705; baseline 0.012 -27"><span class='ocrx_word' id='word_1_296' title='bbox 1 3676 2 3679; x_wconf 73' lang='grc'>,</span> <span class='ocrx_word' id='word_1_297' title='bbox 61 3627 214 3698; x_wconf 81' lang='lat' dir='ltr'>antiquiores</span> <span class='ocrx_word' id='word_1_298' title='bbox 232 3630 350 3688; x_wconf 87' lang='lat' dir='ltr'>nuntios</span> <span class='ocrx_word' id='word_1_299' title='bbox 369 3635 483 3689; x_wconf 86' lang='lat' dir='ltr'>tantum</span> <span class='ocrx_word' id='word_1_300' title='bbox 503 3631 657 3690; x_wconf 90' lang='lat' dir='ltr'>duodecim</span> <span class='ocrx_word' id='word_1_301' title='bbox 677 3633 814 3690; x_wconf 89' lang='lat' dir='ltr'>cohortes</span> <span class='ocrx_word' id='word_1_302' title='bbox 838 3612 963 3691; x_wconf 91' lang='lat' dir='ltr'>Domitii</span> <span class='ocrx_word' id='word_1_303' title='bbox 982 3641 1011 3690; x_wconf 89' lang='lat' dir='ltr'>et</span> <span class='ocrx_word' id='word_1_304' title='bbox 1028 3632 1207 3705; x_wconf 82' lang='lat' dir='ltr'>undevigint&#39;</span> 
     </span>
    </p>

    <p class='ocr_par' dir='ltr' id='par_1_12' title="bbox 6 3729 1311 4027">
     <span class='ocr_line' id='line_1_33' title="bbox 61 3729 1208 3813; baseline 0.011 -27"><span class='ocrx_word' id='word_1_305' title='bbox 61 3729 155 3793; x_wconf 88' lang='lat' dir='ltr'>Vibullii</span> <span class='ocrx_word' id='word_1_306' title='bbox 186 3738 328 3811; x_wconf 88' lang='lat' dir='ltr'>Hirrique</span> <span class='ocrx_word' id='word_1_307' title='bbox 356 3741 387 3797; x_wconf 91' lang='lat' dir='ltr'>iu</span> <span class='ocrx_word' id='word_1_308' title='bbox 415 3739 560 3797; x_wconf 89' lang='lat' dir='ltr'>rationem</span> <span class='ocrx_word' id='word_1_309' title='bbox 588 3740 728 3798; x_wconf 90' lang='lat' dir='ltr'>inducens</span> <span class='ocrx_word' id='word_1_310' title='bbox 757 3738 881 3800; x_wconf 83' lang='lat' dir='ltr'>Corfinii</span> <span class='ocrx_word' id='word_1_311' title='bbox 910 3741 996 3799; x_wconf 92' lang='lat' dir='ltr'>XXX</span> <span class='ocrx_word' id='word_1_312' title='bbox 1026 3741 1086 3812; x_wconf 79' lang='lat' dir='ltr'>(vel</span> <span class='ocrx_word' id='word_1_313' title='bbox 1109 3740 1208 3813; x_wconf 84' lang='lat' dir='ltr'>potius</span> 
     </span>
     <span class='ocr_line' id='line_1_34' title="bbox 6 3830 1311 3923; baseline 0.002 -21"><span class='ocrx_word' id='word_1_314' title='bbox 6 3920 7 3923; x_wconf 7' lang='grc' dir='ltr'><strong>Ἴ</strong></span> <span class='ocrx_word' id='word_1_315' title='bbox 61 3837 150 3915; x_wconf 75' lang='lat' dir='ltr'>XXXI)</span> <span class='ocrx_word' id='word_1_316' title='bbox 169 3846 308 3904; x_wconf 84' lang='lat' dir='ltr'>cohortes</span> <span class='ocrx_word' id='word_1_317' title='bbox 326 3846 416 3905; x_wconf 88' lang='lat' dir='ltr'>fuisse</span> <span class='ocrx_word' id='word_1_318' title='bbox 435 3853 555 3919; x_wconf 88' lang='lat' dir='ltr'>putaret</span> <span class='ocrx_word' id='word_1_319' title='bbox 573 3847 662 3906; x_wconf 86' lang='lat' dir='ltr'>etiam</span> <span class='ocrx_word' id='word_1_320' title='bbox 681 3849 738 3907; x_wconf 91' lang='lat' dir='ltr'>hoc</span> <span class='ocrx_word' id='word_1_321' title='bbox 757 3850 896 3920; x_wconf 84' lang='lat' dir='ltr'>ignoraus</span> <span class='ocrx_word' id='word_1_322' title='bbox 916 3864 953 3906; x_wconf 86' lang='lat' dir='ltr'>ex</span> <span class='ocrx_word' id='word_1_323' title='bbox 973 3847 1207 3919; x_wconf 86' lang='lat' dir='ltr'>quattuordecim</span> <span class='ocrx_word' id='word_1_324' title='bbox 1308 3830 1311 3834; x_wconf 14' lang='grc' dir='ltr'><em>Α</em></span> 
     </span>
     <span class='ocr_line' id='line_1_35' title="bbox 6 3946 909 4027; baseline 0.017 -27"><span class='ocrx_word' id='word_1_325' title='bbox 6 3946 7 3991; x_wconf 69' lang='lat'>3</span> <span class='ocrx_word' id='word_1_326' title='bbox 63 3947 203 4013; x_wconf 90' lang='lat' dir='ltr'>cohortibus</span> <span class='ocrx_word' id='word_1_327' title='bbox 222 3955 314 4027; x_wconf 89' lang='lat' dir='ltr'>ipsius</span> <span class='ocrx_word' id='word_1_328' title='bbox 333 3956 454 4014; x_wconf 91' lang='lat' dir='ltr'>Vibullii</span> <span class='ocrx_word' id='word_1_329' title='bbox 474 3972 526 4013; x_wconf 83' lang='lat' dir='ltr'>sex</span> <span class='ocrx_word' id='word_1_330' title='bbox 544 3957 639 4015; x_wconf 81' lang='lat' dir='ltr'>Albae</span> <span class='ocrx_word' id='word_1_331' title='bbox 658 3956 817 4014; x_wconf 86' lang='lat' dir='ltr'>collocatas</span> <span class='ocrx_word' id='word_1_332' title='bbox 836 3972 909 4015; x_wconf 85' lang='lat' dir='ltr'>esse.</span> 
     </span>
    </p>
   </div>
   <div class='ocr_carea' id='block_1_4' title="bbox 0 0 1602 4634">
    <p class='ocr_par' dir='ltr' id='par_1_13' title="bbox 0 0 1602 4634">
     <span class='ocr_line' id='line_1_36' title="bbox 0 0 1602 4634; baseline 0 0"><span class='ocrx_word' id='word_1_333' title='bbox 0 0 1602 4634; x_wconf 95' lang='lat' dir='ltr'> </span> 
     </span>
    </p>
   </div>
  </div>
 </body>
</html>
