3196 4634
677 241 852 303 „23-

165 400 291 464 sosque
315 400 401 444 esse.
428 380 539 463 Quare
562 381 627 464 illi,
652 383 804 464 quisuis
829 382 990 464 auspiciis
1016 387 1066 446 tot
1089 400 1195 445 annos
1222 382 1346 445 bellum

164 489 316 570 gloriose
340 490 534 571 gessissent,
565 491 668 552 etiam
693 494 762 552 tum
787 509 821 553 se
850 494 1066 573 sequerentur
1090 494 1124 553 et
1153 510 1345 554 communes

163 599 326 661 inimicos
347 617 406 679 pro
419 598 553 660 iniuriis
568 598 716 679 acceptis
736 598 986 661 ulciscerentur.
1008 598 1156 662 Laetitia
1175 599 1345 661 exsultan-

164 709 215 766 tes
228 703 406 766 fortissimi
420 704 543 766 milites
557 708 695 785 paratos
707 723 741 767 se
752 723 824 767 esse
840 704 1054 769 conclamant
1064 708 1163 787 atque
1178 703 1345 785 extemplo

163 811 361 873 Ariminum
384 813 523 893 profecti
547 812 696 875 tribunos
719 811 839 893 plebis,
866 813 924 894 qui
946 831 984 875 eo
1010 814 1242 893 confugerant,
1269 830 1344 873 con·
1415 897 1418 902 ¹

162 918 318 981 veniunt.
332 954 374 963 -
389 918 482 982 Haec
506 919 669 981 hactenus
693 915 819 981 Caesar
844 919 885 1001 (Ι,
910 919 1024 1000 1-8).
1050 918 1234 982 Veniamus
1257 937 1345 980 nunc

168 1025 216 1089 ad
240 1031 365 1088 ceteros
389 1026 572 1106 scriptores
602 1024 853 1108 videamusque,
880 1025 999 1108 quibus
1029 1024 1069 1088 de
1097 1026 1197 1088 rebus
1222 1023 1344 1087 discre-

172 1138 257 1215 pent
278 1153 352 1195 cum
376 1134 446 1196 illo.
861 1143 864 1149 ’
1231 1200 1234 1203 ,

218 1240 253 1301 Si
269 1242 377 1322 ipsam
400 1237 557 1304 Caesaris
573 1240 817 1321 expositionem
831 1239 1339 1322 diligenterexaminaverimus,

173 1347 299 1409 duabus
326 1347 540 1428 potissimum
577 1347 676 1409 rebus
711 1345 917 1410 offendamus
942 1365 1079 1410 necesse
1114 1352 1176 1409 est:
1215 1346 1338 1428 prima,

172 1453 258 1536 quod
283 1451 411 1518 Caesar
436 1454 584 1517 consulto
609 1460 642 1517 et
665 1456 809 1534 cogitate
827 1454 1042 1535 indiligentia
1064 1474 1142 1517 usus
1167 1455 1229 1537 ita,
1256 1472 1341 1534 quae

169 1562 377 1643 acciderunt,
404 1565 553 1644 enarrat,
575 1566 611 1623 ut
633 1581 699 1624 non
717 1566 792 1642 post
810 1562 963 1623 nuntium
982 1560 1023 1623 de
1040 1562 1249 1624 tribunorum
1272 1561 1341 1642 ple·

166 1669 219 1731 bis
246 1670 327 1748 fuga
351 1667 503 1749 allatum,
531 1668 587 1747 qui
613 1668 685 1730 eius
709 1668 871 1731 militibus
899 1667 1044 1731 indoctis
1075 1668 1191 1748 utique
1220 1667 1341 1730 firmis·

165 1778 254 1838 simo
279 1776 425 1838 iniuriae
448 1775 729 1856 Pompeianorum
749 1776 940 1839 testimonio
966 1794 1041 1838 esse
1064 1757 1183 1857 potuit,
1211 1774 1268 1838 sed
1292 1793 1343 1838 co·

163 1884 269 1964 gnitis
295 1881 427 1945 demum
450 1883 563 1965 rebus,
586 1901 671 1962 quae
690 1883 851 1963 proximis
866 1882 984 1945 diebus
1000 1885 1037 1964 (i.
1060 1902 1089 1945 e.
1112 1883 1286 1944 minimum
1311 1901 1342 1944 a.

165 1989 199 2052 d.
225 1990 273 2051 VI
296 1994 328 2052 et
343 1988 373 2050 V
393 1988 472 2050 Idus
492 1989 685 2067 Ianuarias)
700 1990 734 2050 in
764 1989 847 2051 urbe
865 1984 964 2068 atque
984 1993 1082 2069 extra
1099 1990 1215 2052 urbem
1230 1992 1345 2071 gestae

170 2102 266 2160 erant
290 2098 349 2174 (cf.
377 2092 475 2159 Caes.
502 2097 529 2179 1,
558 2097 590 2179 7,
615 2096 664 2179 1),
691 2097 816 2159 milites
840 2116 1037 2159 convocasse
1061 2103 1094 2160 et
1113 2099 1262 2160 oratioue
1286 2097 1344 2159 ha·

173 2204 242 2266 bite
265 2202 310 2265 ad
334 2202 459 2266 bellum
482 2203 640 2265 incitasse
664 2202 772 2265 videri
799 2203 906 2284 possit
916 2200 972 2285 Ν),
1000 2202 1121 2285 altera,
1146 2202 1234 2283 quod
1264 2199 1345 2265 Gae-

170 2332 238 2393 sar,
261 2330 337 2374 cum
356 2312 425 2372 iam
445 2314 546 2373 antea
565 2311 601 2372 in
620 2311 785 2393 contione,
802 2329 904 2391 quam
924 2310 1110 2374 Ravennae
1130 2330 1166 2373 se
1184 2310 1345 2373 habuisse

167 2418 263 2497 dicit,
291 2417 551 2497 legionariorum
572 2436 706 2479 suorum
732 2417 859 2480 animos
882 2418 1042 2479 iniuriam
1067 2437 1088 2479 a
1111 2408 1253 2479 tribunis
1277 2417 1344 2498 ple·

166 2525 218 2587 bis
240 2528 415 2604 acceptam
439 2523 671 2586 demonstrans
686 2525 726 2597 in
747 2524 877 2587 rabiem
897 2523 1115 2606 accendisset,
1136 2525 1248 2605 paullo
1271 2527 1346 2605 post

114 2612 145 2669 ,'
166 2637 283 2694 tamen
306 2630 453 2708 Arimini
477 2629 611 2693 demum
640 2630 822 2693 Antonium
845 2635 879 2692 et
903 2627 1053 2693 Cassium
1082 2632 1282 2693 convenisse
1307 2649 1343 2692 se

105 2739 110 2747 ’
166 2739 277 2801 docet.
297 2774 338 2783 —
354 2738 401 2799 At
432 2736 518 2800 unde
549 2736 683 2800 tandem
711 2739 866 2817 cognovit
894 2734 1019 2800 Caesar
1052 2738 1201 2800 tribunos
1233 2737 1342 2818 plebis

163 2845 278 2907 Roma
304 2844 471 2926 effugisse,
503 2844 531 2905 si
561 2844 599 2925 ii,
630 2844 688 2923 qui
715 2843 863 2905 dubitari
891 2863 957 2906 nou
984 2848 1109 2926 potest,
1135 2845 1214 2927 quin
1244 2863 1344 2924 quam

165 2953 328 3033 maximis
351 2953 538 3041 itineribusx
553 2951 595 3014 ad
618 2953 856 3033 imperatorem
885 2952 1061 3032 postulatis
1087 2953 1156 3014 suis
1184 2970 1345 3033 responsa

165 3064 420 3141 exspectantem
443 3059 583 3141 profecti
608 3060 686 3141 sint,
711 3057 856 3122 nondum
880 3059 1080 3122 Ravennam
1104 3060 1344 3141 pervenerant?

167 3168 285 3249 Neque
311 3169 400 3229 enim
424 3187 466 3230 ea
489 3166 641 3245 quaestio
665 3167 866 3246 persolvitur
890 3167 1095 3249 coniectura,
1114 3185 1179 3246 qua
1202 3165 1343 3228 forsitan

167 3275 338 3356 quispiam
361 3274 534 3355 collegerit
557 3274 634 3336 illos
659 3274 805 3336 Arimini
824 3275 1013 3337 constitisse
1038 3279 1137 3354 atque
1156 3272 1233 3335 inde
1258 3270 1340 3336 Cae-

166 3402 278 3446 sarem
300 3382 341 3445 de
360 3382 460 3445 rebus
474 3364 577 3462 gestis
598 3383 713 3444 fecisse
728 3382 916 3444 certiorem.
944 3380 1036 3463 Quae
1061 3380 1255 3444 coniectura
1269 3399 1343 3441 oum

200 3615 238 3684 Μ)
261 3611 375 3669 Caesar
392 3610 417 3677 I,
437 3613 465 3678 7,
487 3613 517 3666 1:
540 3609 668 3681 „Quibus
687 3609 774 3667 rebus
788 3608 915 3680 cognitis
930 3608 1041 3667 Caesar
1056 3608 1134 3680 apud
1148 3609 1256 3666 milites
1275 3625 1344 3666 con·

168 3717 327 3777 tionatur“.
349 3715 451 3773 Verba
470 3715 594 3787 „quibus
611 3716 699 3773 rebus
719 3716 862 3788 cognitis“
882 3716 1032 3787 pertinent
1050 3715 1088 3772 ad
1106 3732 1154 3773 res
1173 3716 1198 3784 I,
1218 3718 1235 3772 6
1255 3730 1345 3786 expo·

167 3825 249 3888 sitas,
271 3838 348 3894 quae
367 3826 436 3893 post
453 3821 554 3894 fugam
572 3823 759 3880 tribunorum
774 3822 869 3894 plebis
892 3822 1072 3880 acciderunt.
1093 3824 1195 3894 Neque
1214 3821 1344 3879 dubitari

165 3936 278 4008 potest,
296 3930 367 4002 quin
379 3930 523 4002 longioris
535 3932 679 4002 temporis
698 3931 787 3989 fuerit
806 3936 870 3989 tota
882 3931 969 3989 Italia
983 3931 1112 3989 delectus
1124 3932 1245 3992 habere,
1262 3947 1344 3989 arma

167 4039 330 4116 imperare,
352 4037 491 4108 pecunias
510 4053 528 4094 a
547 4036 714 4109 municipiis
734 4038 891 4109 exigeres
910 4038 987 4096 fanis
1005 4039 1112 4096 tollere
1130 4036 1179 4109 (cf.
1194 4039 1218 4107 I,
1233 4041 1261 4107 6,
1280 4041 1323 4111 8).
