3196 4634
719 247 873 283 ...1—

261 367 389 450 Quibus
408 368 491 431 locis
513 367 715 449 comparatis
735 385 966 448 praepropera
991 386 1062 430 esse
1082 372 1179 449 atque
1198 368 1387 431 inconsulta

211 460 305 537 mihi
324 474 461 538 videtur
485 475 547 537 illa
570 473 731 537 Thoureti
755 474 926 537 conclusio
946 474 1116 554 multoque
1139 475 1385 561 verisimilius,

211 583 420 664 Appianum,
452 601 526 644 cum
554 580 589 642 in
617 579 729 643 Asinii
753 581 904 643 historiis
929 582 1013 643 hacc
1041 582 1111 643 fere
1139 582 1267 662 scripta
1295 564 1386 644 inve-

158 728 164 737 ·
211 689 331 750 nisset:
359 688 420 773 „In
444 706 485 750 ea
507 706 632 770 pugna,
659 687 714 749 eui
738 688 808 768 ipse
832 687 970 749 interlui
994 686 1122 767 legatus
1139 683 1309 769 Caesaris,
1335 706 1387 749 ce·

211 796 369 859 ciderunt
386 814 453 858 non
476 794 574 856 XXV
595 793 702 875 milia,
720 800 756 856 ut
775 794 877 875 vulgo
895 796 1018 878 ferunt,
1040 792 1099 857 sed
1124 794 1171 856 VI
1190 791 1283 857 salal
1308 796 1385 873 (cfr.

214 902 366 964 Thourct
398 920 433 983 p.
464 901 557 983 335),
593 901 655 963 illa
688 901 793 963 verba
821 901 952 982 integra
980 901 1015 962 in
1043 898 1211 964 Graecam
1240 901 1390 982 linguam

146 1046 164 1063 κ
216 1009 439 1091 transtulisse,
457 1009 673 1070 Plutarchum
698 1013 809 1070 autem
829 1026 869 1070 ea
888 1027 948 1089 pro
972 1006 1213 1070 consuetudine
1233 1028 1294 1070 sua
1313 1027 1388 1070 con·
1501 1028 1504 1033 ’

220 1115 376 1177 traxisse.
958 1151 962 1160 .

264 1203 337 1305 sed,
364 1227 401 1282 ut
428 1240 619 1302 pergamuS,
651 1221 791 1301 gravius
821 1224 883 1303 est,
914 1220 1003 1302 quod
1026 1219 1178 1284 Thouret
1201 1223 1251 1303 (p.
1279 1221 1389 1284 335-

218 1326 298 1405 338)
321 1330 354 1389 et
376 1327 595 1389 Plutarchum
616 1330 648 1389 et
666 1327 860 1408 Appianum
879 1327 919 1390 de
934 1347 1075 1390 recensu
1095 1348 1115 1390 a
1134 1325 1283 1391 Caesare
1303 1348 1389 1392 anno

194 1470 197 1475 ,
217 1454 248 1496 a.
276 1454 308 1496 u.
331 1453 361 1497 c.
385 1434 449 1496 708
468 1435 544 1515 (cfr.
566 1434 753 1498 Mommsen
772 1435 807 1496 in
826 1431 863 1498 C.
889 1435 917 1495 I.
939 1434 978 1498 L.
995 1436 1022 1517 Ι,
1040 1455 1073 1516 p.
1091 1435 1174 1514 124)
1195 1440 1268 1498 acto
1288 1435 1389 1499 valde

216 1559 346 1603 errasse
371 1540 464 1609 dicit,
486 1560 562 1602 oum
583 1544 616 1603 et
635 1541 726 1603 illius
752 1541 792 1604 de
810 1542 873 1604 hae
897 1560 934 1603 re
958 1542 1063 1604 verba
1086 1538 1200 1621 (Caes.
1224 1544 1265 1604 55
1285 1546 1386 1605 extr:

213 1642 312 1711 Μετὰ
345 1640 383 1710 δέ
411 1642 470 1720 τὰς
494 1643 578 1720 θέας
605 1644 792 1730 γενομένων
823 1643 988 1730 τιμήσεων
1012 1643 1086 1712 άντὶ
1116 1652 1187 1713 τῶν
1215 1644 1391 1731 προτέρων

214 1757 308 1820 δυεῖν
330 1750 387 1817 καὶ
408 1750 585 1838 τριάκοντα
598 1750 770 1839 μυριάδων
784 1750 1015 1839 ἐξητάσθησαν
1038 1752 1074 1819 αἱ
1095 1759 1198 1819 πᾶσαι
1220 1753 1389 1821 πεντεκαί-

213 1863 308 1926 δεκα.
334 1856 536 1944 Τηλικαύτην
555 1858 575 1945 ἡ
592 1857 704 1935 στάσις
722 1858 943 1946 άαειργάσατο
962 1858 1133 1946 συμφοράν
1151 1858 1208 1925 καὶ
1230 1869 1391 1927 τοσοῦτον

213 1966 412 2036 άπανάλωσε
434 1976 494 2033 τοῦ
520 1965 628 2053 δήμου
655 1965 766 2053 μέρος,
792 1968 858 2051 ἔξω
887 1966 987 2052 λόγου
1016 1967 1205 2052 τιθεμένοις
1227 1965 1268 2032 τά
1292 1992 1391 2034 κατα-

215 2072 337 2158 σχόντα
360 2074 422 2161 τὴν
446 2074 546 2161 άλῖην
564 2070 702 2142 Ἰταλίαν
728 2074 921 2161 α’τυχὴματα
944 2073 1080 2150 καὶτὰς
1104 2074 1283 2160 ἐνιαρχιας)
1301 2115 1340 2124 -
1358 2084 1391 2141 et

215 2185 314 2247 huius
340 2185 479 2248 illorum
499 2185 673 2247 simillima
697 2185 758 2267 (ΙΙ,
779 2185 844 2249 102
865 2189 966 2249 extr:
988 2180 1027 2246 τὸ
1047 2180 1086 2248 δέ
1105 2191 1165 2248 τοῦ
1184 2181 1292 2268 δήμου
1310 2189 1391 2268 πλῆ-

215 2296 280 2364 θος
303 2286 589 2375 άναγραμάμενος,
616 2289 649 2363 ἐς
671 2289 770 2374 ἥμισυ
793 2287 923 2374 λέγεται
945 2296 1015 2357 τῶν
1037 2288 1103 2375 νιρὸ
1126 2293 1226 2356 τοῦδε
1248 2298 1309 2355 τοῦ
1331 2313 1391 2354 νιο-

215 2393 316 2480 λέμου
329 2393 516 2481 γενομένων
536 2395 654 2482 εὑρεῖν·
673 2397 706 2471 ἐς
719 2406 858 2464 τοσοῦτο
873 2404 1028 2464 καθεῖλεν
1043 2396 1063 2483 ἡ
1084 2401 1193 2465 τῶνδε
1207 2393 1392 2480 φιλονεικίαι

211 2501 279 2588 τὴν
304 2502 424 2589 πάλιν)
453 2506 555 2587 plane
586 2508 791 2585 ¹abhorreant
822 2509 862 2571 ab
892 2527 944 2591 eo,
976 2508 1065 2589 quod
1095 2507 1274 2570 Suetonius
1304 2507 1388 2586 (div.

215 2613 279 2676 lul.
303 2614 362 2693 41)
387 2611 570 2677 Caesarem
588 2634 728 2677 recensu
749 2619 823 2679 acto
850 2635 913 2701 „ex
932 2616 1053 2697 viginti
1082 2617 1305 2695 trecentisque
1329 2615 1390 2676 mi·

217 2720 306 2783 libus
320 2721 558 2802 accipientium
573 2722 774 2784 frumentum
795 2742 813 2785 e
827 2723 959 2804 publico
980 2724 1017 2803 [i.
1037 2742 1065 2785 e.
1085 2724 1186 2799 etiam
1202 2727 1272 2785 tum
1288 2726 1391 2802 (anno

0 2835 42 2865 '
157 2877 162 2886 .
216 2849 250 2890 a.
277 2849 310 2890 u.
337 2848 368 2891 c.
397 2830 477 2908 708)
500 2829 669 2909 vivorum]
695 2829 737 2892 ad
763 2834 894 2892 centum
919 2826 1182 2911 quinquaginta“
1207 2830 1391 2892 retraxisse

214 2935 319 2999 dicat.
348 2934 454 3017 Quem
479 2954 625 2998 errorem
649 2936 823 2998 Plutarchi
848 2940 881 2999 et
907 2935 1057 3017 Appiani
1080 2956 1147 2998 nou
1171 2936 1291 2998 Asinio
1315 2934 1389 2996 Pol-

215 3041 313 3123 lioni,
335 3042 393 3122 qui
412 3040 561 3104 dubitari
577 3060 644 3104 non
663 3043 782 3124 possit,
800 3043 880 3124 quin
899 3046 989 3105 reete
1006 3042 1045 3105 de
1064 3043 1124 3105 illo
1146 3061 1286 3104 recensu
1305 3039 1389 3102 iudi-

216 3149 317 3232 carit,
344 3146 403 3211 sed
427 3148 487 3210 alii
512 3167 627 3211 eorum
653 3149 781 3211 auctori
805 3150 972 3211 communi
995 3150 1034 3228 (i.
1062 3168 1091 3211 e.
1119 3147 1248 3212 Graeco
1274 3148 1389 3227 alicui,

215 3257 275 3338 qni
299 3255 409 3317 Asinii
432 3256 592 3318 historias
618 3257 837 3337 excerpserit)
861 3254 1110 3320 attribuendum
1135 3273 1218 3318 esse.
1244 3250 1250 3263 ’

262 3363 449 3426 Thouretio
475 3365 559 3426 haec
579 3365 662 3425 mihi
677 3363 778 3426 liceat
799 3384 978 3446 opponere:
998 3362 1094 3445 Quod
1106 3363 1282 3426 Suetonius
1302 3363 1388 3442 (div,

214 3472 281 3534 Iul.
308 3473 368 3551 42)
393 3490 434 3534 ex
455 3472 523 3534 illis
544 3475 677 3535 centum
697 3479 733 3535 et
745 3474 958 3555 septuaginta
977 3471 1112 3534 milibus
1132 3472 1317 3554 hominum,
1336 3472 1392 3551 qui

217 3601 238 3642 a
254 3577 402 3643 Caesare
420 3600 440 3643 a
455 3581 712 3643 frumentatione
729 3581 859 3643 exclusi
875 3585 996 3663 essent,
1014 3581 1182 3661 octoginta
1198 3577 1390 3666 „civiuml

217 3687 316 3749 milia
338 3687 374 3748 in
398 3689 640 3750 transmarinas
669 3688 817 3750 colonias
846 3687 1027 3750 distributa
1055 3704 1128 3748 esse
1153 3684 1246 3767 dicit,
1273 3685 1392 3766 Zumpt

215 3914 279 3972 rios
305 3917 494 3985 sequebatur,
524 3916 680 3986 sumpsisse
707 3915 854 3972 videntur.
883 3919 964 3972 recte
991 3914 1123 3972 Thouret
1152 3915 1271 3987 „Leipa
1292 3912 1391 3972 Stml‘t
1475 3982 1477 3987 ι

213 4015 237 4078 t.
259 4022 284 4090 Ι,
304 4039 334 4093 p.
355 4023 435 4081 343“.
