3196 4634
529 198 701 256 ...59-

52 338 195 398 inimicum
219 357 315 399 suum
349 343 487 419 emeret3
522 337 620 407 cuius,
648 337 697 399 rei
725 354 863 398 causam
892 336 990 397 huius
1019 334 1199 397 immodica

49 445 194 524 postulata
216 446 331 527 fuisse,
361 464 403 509 ex
433 446 475 506 iis
504 444 619 526 colligi
648 447 769 526 potest,
800 463 887 524 quae
916 442 1006 525 apud
1031 443 1197 505 Velleium

48 552 231 613 Paterculum
255 551 302 633 ΙΙ,
328 552 385 634 51,
410 552 430 613 3
455 552 636 614 memoriae
659 549 795 632 prodita
824 551 1026 625 invenimus.
1053 549 1106 611 lta
1129 549 1196 610 fac-

48 663 101 719 tum
123 662 178 739 est,
209 664 245 720 ut
268 656 394 722 Caesar
427 677 556 725 summo
590 657 668 721 odio
701 657 833 720 Lentuli
866 656 986 720 ardere
1013 648 1194 736 coepisset.

1 813 2 836 ,
46 762 157 826 Scilicet
179 765 212 825 in
236 765 488 827 commentariis
517 783 559 827 nc
588 783 655 826 uno
685 763 818 843 quidem
847 763 949 825 verbo
978 766 1116 824 conatus
1144 761 1196 822 sui

1 851 2 908 Ῑ
46 870 148 932 frustra
169 872 259 951 capti
284 872 487 934 mentionem
512 871 603 951 fecit3
628 867 888 951 prudentissime
912 868 1000 930 enirn
1024 868 1128 947 cavit,
1154 884 1195 928 ue

47 975 278 1056 ipsebucinator
301 983 390 1041 essct
414 976 579 1040 eiusmodi
593 960 757 1039 factorum
780 993 926 1056 suorum,
954 992 1037 1054 quae
1061 972 1102 1035 de
1118 992 1196 1034 suae

46 1101 143 1146 causae
157 1085 328 1147 honestate
343 1103 500 1165 magnam
514 1084 636 1166 populo
646 1082 800 1146 Romano
816 1081 1058 1145 dubitationem
1076 1080 1195 1142 afferre

45 1194 166 1267 possent.
192 1191 238 1253 At
260 1209 299 1253 eo
323 1191 431 1271 magis
455 1189 688 1252 commentarii
716 1188 886 1252 abundant
915 1187 1088 1251 sententiis
1111 1186 1192 1249 obli-

45 1296 112 1379 quis,
135 1298 250 1378 quibus
274 1294 401 1360 Caesar
424 1296 537 1360 odium
562 1317 657 1359 suum
681 1295 855 1378 profundit
877 1296 913 1357 in
932 1293 1110 1357 Lentulum
1133 1295 1192 1371 (cf.

45 1403 182 1484 inprimis
206 1407 234 1486 I,
260 1406 294 1487 2,
321 1409 354 1486 53
379 1407 414 1488 4,
437 1406 469 1487 23
495 1406 564 1487 6st
590 1408 648 1482 (cf.
674 1411 790 1468 notam
813 1408 963 1467 nostram
987 1403 1060 1485 18),
1085 1401 1192 1484 14,1;

30 1508 131 1588 celibi).
156 1512 193 1574 Iu
218 1531 282 1592 quo
306 1531 379 1573 eum
404 1531 445 1574 ne
460 1512 605 1574 veritum
630 1510 761 1592 quidem
778 1530 852 1574 esse
873 1532 894 1573 a
909 1511 1053 1573 veritate
1077 1508 1192 1571 deflec-

48 1620 97 1678 terc
116 1618 156 1700 (Ι,
180 1618 235 1700 14,
261 1618 366 1696 4-5)
390 1617 487 1681 modo
512 1617 828 1681 demonstravimus.

4 1768 5 1787 2
77 1722 201 1788 Frustra
231 1722 370 1807 Caesar,
405 1733 442 1787 ut
471 1726 519 1788 ait
546 1725 721 1788 Suetonius
754 1724 839 1804 (div.
870 1725 934 1795 lul.
965 1744 994 1786 c.
1027 1726 1097 1806 34),
1132 1742 1193 1805 per

3 1832 4 1839 ’
46 1846 137 1893 omues
158 1852 267 1895 moras
293 1833 443 1895 consules
472 1840 505 1894 et
532 1833 726 1914 Pompeium
754 1832 933 1894 Brundisio
961 1833 1053 1894 exire
1081 1832 1191 1912 prohi-

3 1946 4 1981 1
45 1934 103 1998 bere
123 1947 255 2002 conatus
281 1944 342 2002 est.
369 1942 460 2020 Quae
480 1940 602 2002 fuerint
622 1939 703 2002 illae
723 1958 850 2021 morae,
872 1958 946 2001 cum
966 1957 1010 2002 ex
1032 1939 1088 2020 iis,
1106 1956 1193 2017 quae

3 2066 4 2069 ¹
44 2040 73 2103 de
91 2044 186 2109 Balbo
212 2047 254 2109 ad
278 2047 453 2113 Lentulum
483 2066 557 2108 cum
585 2043 743 2110 Caesaris
772 2046 941 2108 mandatis
971 2047 1074 2107 misso
1105 2044 1189 2106 dixi-

44 2169 107 2233 mus,
130 2161 196 2216 tum
221 2176 263 2217 ex
287 2157 339 2216 his
364 2157 516 2235 cognosci
545 2160 666 2237 potest,
696 2174 781 2236 quae
805 2156 873 2217 iam
898 2155 938 2217 de
961 2155 1055 2235 pacis
1078 2153 1189 2215 condi-

45 2258 165 2325 cionibus
190 2284 210 2326 a
235 2261 382 2326 Caesare
415 2263 529 2344 paullo
562 2268 635 2344 post
656 2264 825 2344 -Pompeio
858 2264 937 2326 latis
967 2263 1208 2343 disceptaturi.

45 2384 142 2432 sumus.
176 2372 287 2451 Atque
319 2371 378 2434 ille
402 2369 536 2453 quidem
565 2371 608 2433 ad
637 2370 669 2432 id
698 2371 915 2433 Brundisium
947 2373 1013 2436 iter
1046 2371 1191 2434 faciebat

45 2471 151 2557 iamque
174 2498 240 2540 non
263 2479 380 2559 procul
406 2479 523 2541 aberat
552 2481 593 2542 ab
623 2498 661 2541 eo
694 2479 827 2560 oppido:
860 2499 934 2541 cum
965 2479 1007 2542 ad
1035 2498 1110 2542 eum
1134 2479 1187 2542 de·

42 2583 196 2657 prehensus
220 2605 262 2648 ex
286 2586 407 2648 itinere
427 2586 470 2649 N.
489 2587 618 2667 Magius
643 2585 890 2669 Cremonensis,
906 2588 1095 2667 praefectus
1119 2587 1187 2648 fab·

3 2746 4 2755 ,
41 2704 95 2749 rum
115 2687 171 2754 (lu.
198 2693 351 2774 Pompei,
376 2692 558 2755 reducitur.
585 2697 686 2774 Quem
701 2691 826 2758 Caesar
841 2694 1010 2756 hominem
1032 2693 1187 2756 idoneum

4 2838 6 2881 ,
41 2799 142 2880 nactus,
166 2818 227 2878 per
252 2817 348 2879 quem
373 2817 425 2879 ea,
457 2818 540 2879 quae
569 2800 684 2883 vellet,
716 2800 758 2864 ad
783 2801 980 2882 Pompeium
1004 2801 1186 2882 perterren-

4 2976 6 2995 ,
41 2900 88 2982 tur,
108 2903 318 2966 Brundisium
341 2924 416 2966 cum
440 2906 492 2967 his
517 2906 684 2969 mandatis
707 2906 859 2969 dimittit:
883 2908 1061 2993 ,quoniam
1086 2905 1187 2969 adid

3 3006 5 3097 l
41 3008 141 3088 tempus
165 3013 308 3074 facultas
333 3012 542 3093 colloquendi
565 3034 630 3076 uon
655 3015 768 3097 fuerit,
795 3020 895 3095 atque
919 3016 991 3097 ipse
1014 3013 1185 3076 Brundisi-

3 3100 5 3143 ³
41 3128 79 3172 um
99 3118 137 3178 sit
159 3126 332 3200 venturus,
359 3120 521 3182 interesse
550 3121 756 3201 reipublicae
786 3127 819 3184 et
842 3122 1025 3185 communis
1051 3120 1183 3201 salutis,

2 3204 6 3255 s
40 3233 64 3278 se
81 3238 144 3285 cum
167 3224 326 3305 Pompeio
351 3225 511 3308 colloqui3
536 3245 642 3307 neque
659 3246 741 3291 vero
761 3227 850 3291 idem
870 3228 986 3308 profici
1010 3227 1107 3307 longo
1131 3229 1184 3289 iti-

2 3314 5 3327 '
40 3327 106 3389 ueris
125 3332 245 3412 spatio,
270 3350 344 3393 cum
363 3350 424 3412 per
446 3332 529 3396 alios
549 3334 760 3398 condiciones
780 3337 943 3417 ferantur,
964 3354 1004 3398 ac
1024 3336 1053 3396 si
1072 3354 1184 3398 coram
1237 3360 1242 3372 ·
1307 3352 1313 3365 '

41 3482 223 3500 Χ-----

40 3572 160 3635 profectos
179 3577 334 3650 repererit.
358 3579 538 3650 Quamquam
557 3580 587 3637 id
606 3580 702 3639 miuus
722 3581 783 3639 veri
803 3582 898 3638 simile
918 3586 973 3653 est,
997 3599 1063 3639 cum
1082 3582 1136 3640 hos
1155 3599 1181 3639 a.

40 3674 58 3731 d.
73 3681 106 3740 lv
121 3685 220 3775 Nopas
239 3686 363 3744 Martias
382 3689 586 3747 conscendisse
605 3690 655 3759 (cf.
678 3691 739 3749 (lic.
761 3691 798 3747 ad
812 3692 873 3748 Att.
889 3692 944 3756 lx,
960 3695 987 3761 6,
1003 3695 1043 3763 3),
1059 3693 1183 3750 Balbum

40 3782 199 3849 Brundisium
219 3800 385 3851 currentem
405 3812 433 3852 a.
454 3796 480 3852 d.
500 3796 541 3855 VI
561 3797 709 3855 Kalendas
728 3798 854 3855 Martias
873 3801 991 3871 vesperi
1010 3800 1086 3872 apud
1102 3801 1183 3859 Cice-

41 3904 115 3952 ronem
141 3899 169 3955 in
193 3900 355 3959 Formiano
376 3902 464 3960 fuisse
485 3903 534 3974 (cf.
555 3905 591 3961 ad
610 3908 673 3963 Att.
695 3907 774 3977 vm,
795 3910 822 3976 9,
842 3913 871 3985 4)
892 3914 1073 3981 compertum
1094 3910 1181 3967 habe-

1 4009 2 4044 l
43 4010 108 4061 suus.
