3196 4634
288 1573 447 1684 'Habent
473 1633 538 1684 sua
564 1613 641 1682 fata
668 1610 790 1682 libelli.
828 1612 945 1701 Atque
973 1596 1049 1682 meo
1077 1611 1217 1701 quidem
1245 1611 1405 1700 contigit,

232 1776 282 1851 ut,
309 1789 387 1838 eum
413 1767 482 1836 iam
510 1771 592 1835 ante
616 1765 681 1835 hos
704 1770 873 1854 quattuor
896 1764 970 1835 fere
995 1786 1105 1835 annos
1129 1765 1282 1854 scriptus
1305 1769 1407 1846 esset,

229 1942 325 1993 nuno
350 1914 488 1991 demum
512 1940 532 1988 a
557 1939 611 1989 me
635 1919 749 1989 emitti
772 1926 901 2007 posset.
931 1919 1064 2002 Quodsi
1083 1918 1161 2007 quis
1179 1939 1243 2007 pro
1265 1918 1408 1988 Horatii

235 2076 294 2145 illo
326 2092 546 2162 ,nonumque
571 2077 752 2159 prematur
779 2072 814 2140 in
843 2073 995 2140 annum“
1023 2076 1133 2158 putet,
1160 2075 1298 2140 tantum
1322 2077 1408 2140 tem-

234 2228 330 2318 poris
358 2226 517 2315 spatium>
539 2225 706 2313 opuseulo
731 2245 807 2295 meo
831 2246 900 2294 uon
925 2245 1027 2313 posse
1052 2245 1120 2294 non
1144 2223 1254 2319 fuisse
1280 2243 1408 2312 magno

233 2381 378 2464 fructui,
412 2379 518 2450 aliter
544 2386 649 2468 atque
678 2380 752 2467 ipse
779 2379 917 2460 vellem,
954 2397 1011 2448 res
1044 2377 1172 2449 evenit.
1221 2376 1293 2448 Tot
1317 2377 1409 2447 enim

157 2574 166 2587 ·
234 2537 414 2624 tantisque
446 2536 540 2605 euris
574 2508 680 2623 atque
712 2533 865 2623 negotiis
890 2553 953 2621 per
980 2553 1080 2603 omne
1108 2532 1197 2602 illud
1224 2530 1410 2621 quadrien·
1438 2517 1440 2521 ¹

234 2690 346 2801 nium·
359 2689 564 2771 distinebar,
596 2695 646 2770 ut,
681 2708 760 2758 oum
792 2696 909 2757 certae
942 2706 1071 2756 eausae
1099 2685 1233 2755 diutius
1260 2683 1411 2772 opellam

234 2849 392 2914 nostram
433 2843 639 2913 delitescere
677 2862 747 2910 non
787 2840 952 2922 sinerent,
993 2858 1104 2927 paene
1146 2859 1215 2908 non
1254 2842 1411 2908 mutatus

236 2997 378 3066 libellus
413 2996 633 3085 evulgandos
666 2995 785 3065 fuerit.
831 2994 952 3082 Neque
985 2998 1105 3063 tamen
1134 2993 1238 3082 plane
1265 2992 1410 3078 despero

236 3156 280 3220 eir
316 3171 367 3233 eo,
409 3151 510 3219 ouius
548 3149 697 3236 primam
737 3149 829 3217 hane
864 3152 1013 3235 partem,
1055 3147 1085 3216 si
1120 3145 1289 3234 placebit,
1330 3164 1412 3214 mox

237 3312 429 3394 sequentur
455 3305 622 3393 reliquae,
651 3305 757 3373 etiam
784 3323 877 3372 nuno
895 3341 946 3350 -
968 3308 1049 3390 post
1071 3299 1211 3371 Nisseni
1239 3316 1411 3368 commen·
1450 3398 1452 3405 Α
1485 3336 1492 3341 »

236 3460 390 3529 tationes
417 3458 622 3561 acutissime
649 3457 800 3546 scriptas
828 3496 878 3506 --
905 3455 999 3525 edito
1035 3451 1295 3541 aliquantulum
1321 3450 1411 3521 luois
1448 3410 1465 3441 Ἥ

237 3613 515 3687 redundaturum
552 3631 628 3682 esse
664 3611 701 3680 in
736 3610 923 3701 nonnullas
958 3612 1078 3696 partes
1116 3606 1288 3676 historiae
1327 3603 1412 3674 belli
1474 3673 1481 3679 ,

215 3764 356 3843 ‚uirilis
385 3766 592 3837 Caesariani
618 3766 771 3835 nondum
799 3765 887 3834 satis
914 3764 1154 3834 adumbratas.

291 3922 523 4004 Quamobrem
549 3941 628 3991 oum
651 3920 805 3991 omnium
829 3917 1021 4007 legentium
1039 3922 1120 4004 peto
1139 3915 1309 3998 favorem,
1336 3920 1412 3984 tum

242 4093 360 4150 eorum
371 4074 529 4148 virorum
540 4073 936 4169 praestantissimorum,
953 4066 1410 4169 quiDorpatiLivonoruni,
