3196 4634
651 221 827 282 „17-

148 364 351 445 Hispaniam
375 363 411 424 in
434 362 593 426 ditionem
617 382 711 425 suam
735 361 866 443 redegit
889 368 923 425 et
946 359 1048 426 Curio
1071 363 1107 424 in
1131 363 1249 426 Africa
1271 383 1323 426 oc·

148 473 236 534 cisus
253 475 302 533 est
311 471 387 548 (cfr.
406 471 505 551 impr.
523 470 611 550 App.
624 469 670 551 Π,
681 469 724 530 47
740 474 773 531 et
783 469 883 531 Dion.
898 466 992 532 Cass.
1010 469 1102 552 XLI,
1115 470 1260 553 40-41,
1273 470 1321 552 1),

149 596 264 641 omnes
291 595 348 639 eas
371 595 425 638 res
449 577 628 638 observato
654 577 813 656 temporis
843 575 960 638 ordine
988 575 1144 658 deinceps
1177 597 1197 639 a
1223 578 1323 658 scrip-

149 696 221 750 tore
249 684 372 765 exponi
390 683 541 745 debuisse
561 666 772 745 manifdstum
793 687 854 746 est.
881 684 927 745 At
945 683 1135 765 Nipperdey
1155 703 1196 746 ex
1215 685 1326 747 Dione

149 791 273 874 (XLII,
301 790 358 873 11,
384 789 421 868 1)
445 789 560 869 colligi
584 808 682 871 posse
701 789 881 872 contendit,
908 788 1090 854 Octavium
1109 792 1283 854 confestim
1307 810 1327 852 a

150 899 296 962 victoria
318 916 361 960 ex
384 896 528 959 Antonio
553 896 623 958 lata
646 915 840 977 aggressum
865 915 938 959 esse
961 896 1101 960 Salonas
1125 899 1202 975 (cfr.
1225 894 1322 960 Caes.

152 1006 216 1088 ΙΙΙ,
242 1006 287 1083 9).
313 1002 419 1085 Quid?
439 1007 556 1069 Nonne
578 1008 705 1066 tantum
725 1004 832 1085 abest,
855 1009 891 1065 ut
910 1004 976 1066 Dio
998 1009 1141 1086 tempus,
1159 1023 1222 1085 quo
1242 1002 1327 1065 illud

157 1111 311 1194 oppidum
336 1112 521 1193 oppugnari
541 1116 693 1192 coeptum
712 1111 769 1193 sit,
791 1109 953 1174 definiens
973 1111 1178 1193 Nipperdeyi
1199 1117 1326 1174 senten·

160 1220 242 1281 tiam
262 1219 389 1300 probet,
413 1225 449 1278 ut
466 1217 579 1281 verbis
600 1211 668 1302 ,ὡς
687 1211 748 1298 γὰρ
768 1212 801 1297 [ὁ
820 1209 1023 1297 Ὀκταούιος]
1038 1213 1115 1280 τότε
1134 1213 1195 1282 τὸν
1211 1209 1329 1282 Ἰόνιον

162 1321 328 1388 ἐνέπνευσε
355 1320 412 1387 καὶ
437 1320 498 1389 τὸν
521 1317 709 1388 ’Λντώνιον
730 1319 791 1388 τὸν
821 1320 927 1388 Γάιον
956 1320 1146 1403 συνέλαβεν,
1183 1322 1328 1390 ἄλλων

159 1429 206 1516 μέ
214 1456 234 1498 ν
255 1454 395 1497 τινων
418 1428 596 1514 χωρίων
620 1428 791 1515 ἐκράτησε,
811 1428 873 1515 τὴν
896 1427 934 1494 δὲ·
959 1427 1001 1515 δὴ
1026 1415 1182 1511 aeteva,
1212 1429 1329 1516 καίπερ

162 1537 213 1604 ἐπὶ
235 1544 391 1604 πλεῖστον
405 1535 508 1623 αὐτὴν
521 1536 754 1623 πολιορκήσας,
771 1536 832 1620 οὐχ
855 1534 955 1601 sitast
973 1541 1137 1621 significet
1150 1541 1238 1603 inter
1252 1541 1330 1604 illas

155 1647 237 1711 duas
267 1667 336 1730 res,
368 1665 508 1727 quarum
537 1647 690 1729 alteram,
720 1646 862 1708 Antonii
891 1646 1034 1728 cladem,
1065 1666 1179 1709 mense
1211 1647 1329 1709 Sextili

156 1757 236 1819 anni
262 1775 294 1819 a.
321 1775 355 1817 u.
382 1773 413 1818 c.
441 1755 518 1838 705,
545 1755 698 1837 alteram,
725 1752 861 1818 Octavii
881 1775 901 1816 a
920 1754 1050 1817 Salonis
1075 1755 1200 1817 frustra
1219 1755 1329 1817 obses-

155 1863 202 1924 sis
228 1861 427 1943 discessum,
452 1880 517 1923 non
540 1861 633 1941 prius
655 1879 754 1940 qnam
778 1880 892 1923 mense
910 1861 1068 1923 Ianuario
1094 1861 1172 1923 anni
1192 1880 1330 1942 sequen·

158 1969 202 2030 tis
226 1967 392 2030 accidisse
417 1986 458 2029 ex
485 1968 540 2048 iis,
572 1986 657 2047 quae
688 1987 707 2029 a
736 1968 953 2048 scriptoribus
984 1967 1170 2049 traduntur,
1202 1968 1332 2030 efficere

158 2095 346 2157 possumus,
373 2076 455 2137 satis
480 2093 636 2156 magnum
667 2075 897 2138 intercessisse
928 2077 1073 2157 spatium
1106 2060 1280 2157 temporis?
1294 2074 1335 2154 ¹³)

163 2184 214 2245 Ex
236 2204 273 2247 eo
299 2183 457 2265 denique,
483 2182 571 2263 quod
590 2180 715 2246 Caesar
739 2183 816 2265 (III,
842 2186 876 2265 9,
897 2183 934 2262 8)
958 2181 1136 2247 Octavium
1156 2183 1333 2265 desperata

162 2287 408 2369 oppugnatione
432 2285 631 2348 Salonarum
646 2286 895 2366 Dyrrhachium
915 2305 990 2349 sese
1016 2284 1057 2348 ad
1076 2287 1269 2368 Pompeium
1284 2307 1332 2350 re-

159 2395 290 2474 cepisse
314 2396 347 2455 et
370 2392 483 2473 paullo
509 2397 585 2454 ante
606 2392 684 2474 (III,
712 2392 744 2474 9,
771 2395 807 2470 5)
831 2391 916 2455 illud
940 2392 1098 2473 oppidum
1122 2393 1165 2455 ad
1189 2413 1333 2456 summas

159 2501 333 2582 angustias
351 2497 531 2562 adductum
547 2500 588 2562 ab
604 2500 677 2580 ipso
692 2499 853 2561 auxilium
868 2499 1115 2585 petiissessdicit,
1128 2501 1336 2582 intellegitur

157 2607 341 2673 Octavium
357 2626 395 2670 eo
410 2609 480 2670 fere
497 2612 658 2689 tempore,
682 2625 746 2686 quo
761 2604 886 2670 Caesar
910 2607 1053 2669 classem
1068 2607 1110 2670 ad
1123 2608 1263 2689 Epirum
1279 2628 1334 2689 ap·

155 2717 259 2799 pulit,
285 2716 418 2794 Salonis
437 2714 668 2797 oppugnandis
684 2716 787 2777 fuisse
805 2716 981 2777 intentum.
1000 2715 1109 2796 Atque
1124 2717 1173 2779 ita
1187 2718 1334 2797 profecto

156 2824 239 2886 noni
264 2823 386 2904 capitis
403 2827 634 2903 argumentum
650 2822 774 2903 optime
797 2822 921 2904 excipit
940 2841 993 2884 res
1015 2827 1134 2886 octavo
1150 2824 1333 2905 expositas.

158 2933 248 2998 Nam
274 2949 477 3011 quamquam
493 2929 639 2993 dubitari
662 2949 730 2993 non
744 2934 865 3011 potest,
894 2931 974 3010 quin
998 2931 1099 2992 huius
1124 2933 1244 3012 capitis
1261 2932 1335 2993 finis

158 3037 315 3119 paullum
338 3036 542 3117 depravatus
568 3037 623 3117 sit,
650 3042 761 3098 tamen
784 3035 832 3118 id,
859 3035 945 3117 quod
969 3037 1121 3119 Bibulus,
1149 3037 1217 3100 dux
1240 3056 1335 3118 prae-

160 3146 336 3224 fectusque
359 3142 479 3206 classis
507 3143 735 3223 Pompeianae
768 3143 845 3221 (cfr.
873 3139 970 3205 Caes.
997 3143 1059 3226 III,
1085 3146 1118 3226 5,
1143 3143 1194 3224 4),
1220 3144 1333 3224 prohi-

160 3252 307 3332 biturus,
333 3269 375 3312 ne
399 3249 548 3332 reliquae
567 3249 714 3330 legiones
735 3249 969 3330 equitatusque
989 3247 1144 3313 Caesaris
1166 3254 1335 3330 transpor-

162 3359 230 3420 tari
257 3361 407 3439 possent,
434 3377 454 3420 a
477 3356 613 3419 Sasonis
639 3356 681 3419 ad
706 3354 820 3420 Curici
843 3361 976 3438 portum
998 3358 1157 3419 stationes
1173 3357 1338 3439 litoraque

163 3466 277 3527 omnia
311 3464 477 3527 classibus
513 3464 581 3525 suis
611 3464 767 3545 occupari
795 3468 828 3524 ct
856 3461 1016 3524 custodiri
1048 3463 1159 3545 iussit,
1190 3482 1266 3545 cum
1295 3462 1338 3524 ad

165 3572 267 3647 Issae¹
282 3572 534 3653 occupationem
564 3576 596 3634 et
618 3572 815 3634 Salonarum
845 3568 983 3634 Caesari
1012 3571 1197 3632 amicarum
1226 3572 1337 3634 obses-

167 3679 309 3762 sionem,
340 3683 408 3739 tum
437 3678 480 3741 ad
508 3680 732 3742 Liburnarum
760 3698 801 3740 cx
829 3678 964 3758 Illyrico
998 3675 1180 3739 discessum
1210 3678 1338 3775 aptiore

202 3912 235 3977 ¹³)
256 3905 365 3964 Confer
384 3907 471 3963 etiam
492 3907 635 3974 ordinem,
656 3923 710 3977 quo
730 3907 809 3977 apud
826 3906 962 3963 Orosium
974 3906 1037 3973 (VI,
1058 3908 1100 3976 15,
1120 3910 1191 3965 8-9
1210 3905 1255 3964 ed,
1267 3908 1340 3965 Zan-

162 4022 257 4088 gem.)
277 4031 329 4072 eae
349 4031 396 4071 res
415 4015 627 4072 describuntur.

1217 4146 1233 4195 2
