3196 4634
185 438 250 501 pue
276 419 409 482 Valerii
432 419 586 500 Maximi,
609 418 665 498 qui
688 419 842 481 Asinium
866 417 1054 481 Pollionem
1075 439 1162 505 ,non
1185 422 1358 485 minimam

184 531 316 608 partem
340 526 473 588 romani
498 522 590 588 sulii
620 543 693 588 esse
721 524 803 588 dicit
830 525 940 607 (VIII,
972 525 1014 588 13
1040 531 1127 589 extr.
1153 528 1191 607 4)
1219 528 1356 608 eiusque

185 634 389 695 auctoritate
414 636 491 696 ante
516 632 602 695 alios
628 637 756 718 ,certos
781 629 956 695 auctoresi
981 633 1097 695 utitur.

229 738 339 803 Valde
361 736 471 822 ligitur
499 737 680 801 dolendum
709 744 758 801 est
781 739 892 801 Asinii
920 740 1093 822 historias,
1125 760 1210 821 quae
1238 741 1358 804 Latino

184 864 340 908 sermone
356 846 528 908 confectae
537 840 564 924 ³)
578 845 776 908 memoriam
790 864 953 907 annorum
968 846 1104 909 circiter
1119 846 1359 929 undeviginti⁸l

183 951 302 1016 decem
325 958 358 1016 et
377 958 504 1035 septem
526 953 622 1016 libris
642 952 859 1036 colligarunt,
886 951 928 1015 ad
946 955 1177 1034 posteritatem
1196 967 1264 1017 non
1282 973 1358 1036 per·

185 1060 334 1122 venisse.
353 1059 470 1139 Neque
487 1064 600 1122 tamen
619 1060 753 1121 omnino
767 1059 863 1122 nobis
883 1058 989 1121 defuit
1007 1061 1150 1123 fontuna.
1174 1062 1262 1124 Nam
1282 1081 1358 1124 cum

187 1168 367 1230 habeamus
381 1167 568 1247 complures
586 1171 717 1229 veteres
738 1167 917 1247 scriptores
933 1167 1041 1231 veluti
1060 1168 1265 1250 Appianum,
1280 1168 1357 1230 Plu-

189 1273 352 1355 tarchum,
377 1273 585 1355 Suetonium,
612 1272 709 1355 alios,
726 1273 783 1353 qui
806 1273 880 1353 plus
905 1273 1058 1336 minusve
1077 1274 1234 1336 Asinium
1253 1278 1359 1337 secuti

189 1380 261 1442 eius
284 1380 442 1443 historias
458 1378 558 1442 modo
574 1379 767 1460 diligentius
786 1379 884 1442 modo
903 1380 1135 1461 neglegentius
1156 1383 1356 1464 exprimant,

186 1488 260 1550 fieri
283 1507 351 1551 non
374 1491 498 1569 potest,
533 1488 613 1568 quin
646 1489 737 1550 omni
763 1488 926 1551 cautionis
949 1507 1072 1569 genere
1098 1491 1134 1550 in
1158 1489 1365 1553 conferendis

186 1595 226 1657 iis
253 1594 404 1658 adhibito
425 1595 519 1658 uobis
542 1595 732 1678 contingat,
754 1601 791 1656 ut
810 1597 960 1676 ipsorum
979 1596 1092 1658 Asinii
1105 1596 1266 1659 librorum
1279 1616 1364 1659 sunr-

187 1721 278 1763 mam
303 1702 385 1764 satis
408 1703 490 1765 bene
514 1701 731 1764 restituamus
762 1720 887 1781 eosque
908 1701 999 1766 haud
1014 1702 1289 1765 contemnendum
1308 1703 1364 1767 ad-

183 1808 371 1870 iumentum
397 1807 439 1870 ad
462 1806 620 1871 Caesaris
644 1808 968 1870 commentariorum
992 1808 1092 1871 fidem
1107 1810 1364 1873 examinandam

182 1919 359 1996 praestare
382 1914 575 1977 doceamus.

227 2023 273 2085 At
296 2019 462 2104 Georgius
483 2021 635 2085 Thouret
654 2024 690 2085 in
708 2023 959 2104 dissertatione,
977 2042 1078 2103 qnam
1099 2044 1202 2105 supra
1225 2024 1356 2106 praedi-

183 2131 347 2213 cavimus,
380 2134 477 2193 acute
511 2135 692 2211 arguteque
726 2129 956 2194 demonstrare
990 2135 1126 2194 conatus
1168 2136 1219 2193 est
1250 2151 1359 2212 neque

185 2235 402 2298 Plutarchum
435 2255 543 2317 neque
571 2237 763 2318 Appianum
794 2236 954 2317 (secondo
983 2237 1084 2329 libro)
1116 2237 1222 2318 ipsius
1247 2239 1355 2301 Asinii

221 2468 245 2535 ⁵)
264 2464 346 2535 Quod
364 2463 452 2535 plane
471 2464 692 2521 demonstratur
721 2480 785 2520 cum
812 2463 908 2520 Asinii
935 2462 1117 2536 fragmentis,
1138 2480 1211 2535 quae
1239 2464 1277 2522 ad
1305 2481 1358 2522 nos

186 2577 391 2644 pervenerunt,
411 2577 472 2628 tum
500 2572 546 2639 iis,
571 2587 646 2643 quae
674 2571 832 2630 Suetonius
855 2571 905 2642 (de
932 2578 1088 2644 grammat.
1113 2573 1152 2642 X,
1173 2590 1202 2643 p.
1233 2574 1285 2630 108
1313 2572 1357 2629 ed.

184 2675 373 2747 Reifferseh.)
391 2676 428 2734 de
456 2677 544 2735 Ateio
563 2677 729 2735 Pollionem
752 2677 919 2749 praeceptis
947 2678 983 2735 de
1006 2678 1122 2736 ratione
1151 2678 1298 2736 scribendi
1316 2680 1359 2736 in·

184 2787 309 2843 struenti
333 2785 495 2842 memoriae
522 2785 663 2857 prodidit,
683 2789 746 2842 tum
765 2784 811 2841 his
831 2785 966 2843 Suetonii
984 2786 1082 2843 verbis
1109 2786 1180 2854 (div.
1205 2786 1261 2844 Iul.
1291 2786 1354 2862 30):

182 2891 318 2965 „Asinius
348 2892 456 2961 Pollio,
486 2892 659 2951 Pharsalica
686 2892 749 2949 acie
778 2907 879 2948 caesos
906 2889 1138 2965 profligatosque
1170 2892 1357 2951 adversarios

180 3001 414 3073 prospicientem
435 3000 510 3058 haec
529 3015 595 3056 eum
617 2999 649 3070 [i.
671 3015 696 3056 e.
720 2999 888 3069 Gaesarem]
909 2997 1119 3056 adverbum
1147 2999 1254 3056 dixisse
1283 2997 1356 3055 rei·

180 3126 265 3167 rens:
287 3109 370 3181 „Hoc
388 3108 562 3176 voluerunt;
576 3106 667 3164 tantis
686 3106 775 3164 rebus
787 3106 885 3179 ‚gestis
905 3106 995 3166 Gaius
1015 3107 1125 3165 Caesar
1149 3081 1358 3164 condemnatus

181 3233 286 3284 essem,
297 3215 354 3272 nisi
364 3216 401 3272 ab
412 3215 544 3271 exercitu
558 3213 696 3270 auxilium
709 3213 877 3286 petissem“.
887 3244 921 3253 —
931 3213 1022 3270 Falso
1038 3212 1139 3283 igitur,
1155 3216 1188 3267 ut
1201 3211 1357 3269 infraube·

180 3323 243 3395 rius
262 3321 539 3389 demonstrabimus,
560 3320 701 3378 iudicavit
721 3320 913 3379 casaubonus
933 3319 983 3389 (ad
998 3321 1116 3378 Sueten.
1136 3312 1157 3375 l.
1178 3336 1216 3386 a,
1237 3319 1282 3376 ed.
1301 3319 1357 3376 Ar-

181 3432 260 3500 gent.
280 3430 359 3495 1647,
375 3443 404 3497 p.
420 3429 469 3493 50)
492 3442 528 3483 ex
552 3425 706 3483 Plutarchi
724 3426 823 3483 verbis
842 3424 943 3496 (Caes.
962 3428 1011 3495 46)
1025 3423 1202 3481 concludens
1223 3423 1357 3481 Asinium

181 3536 345 3594 Pollionem
361 3534 477 3593 Graeca
490 3534 589 3606 lingua
603 3534 744 3590 historias
757 3549 823 3590 suas
839 3533 1002 3604 scripsisse.

216 3647 240 3715 θ)
260 3643 337 3700 Nam
356 3640 434 3697 inter
455 3656 556 3697 omnes
574 3641 636 3697 iere
654 3639 743 3697 hodie
763 3644 879 3697 constat
898 3638 1050 3710 „Asinium
1073 3638 1239 3697 Pollionem
1261 3638 1358 3709 libris

183 3751 231 3824 qui
251 3749 324 3808 editi
344 3748 414 3816 sint,
433 3763 480 3804 res
500 3748 650 3805 Romanas
668 3747 735 3805 inde
755 3748 792 3805 ab
812 3749 1074 3816 cunctatusque
1103 3745 1140 3803 ad
1167 3761 1275 3802 annum
1304 3748 1359 3804 712

181 3876 210 3917 u.
232 3876 258 3916 c.
280 3855 565 3930 comprehendisse“.
583 3854 706 3922 (Confer
725 3855 859 3927 inprimis
879 3871 924 3923 ea,
954 3869 1027 3925 quae
1057 3853 1190 3912 Thouret
1219 3854 1251 3922 (l.
1272 3852 1304 3921 l,
1325 3870 1355 3925 p.

177 3965 336 4034 eas—329)
358 3969 387 4019 et
416 3960 530 4020 Teuffel
559 3961 658 4033 (Ro'm.
683 3961 754 4030 Lit.‚
775 3960 821 4018 ed.
847 3961 899 4030 IV,
919 3958 936 4036 ξ
956 3963 1018 4027 221,
1038 3961 1065 4027 3,
1084 3975 1143 4031 pag
1161 3962 1227 4027 442)
1246 3957 1281 4014 de
1300 3957 1357 4015 hac

178 4068 354 4142 quaestione
372 4067 530 4139 disputant.
