3196 4634
558 279 560 284 .
661 244 837 335 ...35-

143 381 229 444 dam
255 387 387 445 tantum
413 384 542 461 abesse,
574 389 611 447 ut
634 383 840 466 Nipperdeyi
870 390 904 448 et
931 385 1112 448 Hofmanni
1139 386 1327 450 rationibus

144 489 251 552 tidem
269 490 381 552 iacere
400 491 516 572 possit,
538 496 710 554 utcontra
729 510 766 554 re
785 491 980 572 diligentius
999 498 1176 575 perspecta
1194 499 1327 557 nostros

142 598 302 660 calculos
328 596 427 678 plane
446 598 574 678 probet.
600 597 648 660 Ac
668 597 801 679 quidem
821 603 1013 679 reputantes
1038 619 1111 683 nos,
1131 603 1206 683 quis
1227 601 1327 662 fuerit
1370 677 1374 683 .

143 702 237 784 dies,
264 722 308 764 ex
331 722 394 784 quo
418 699 559 765 Caesari
579 722 683 786 usque
703 701 747 765 ad
770 702 985 766 Brundisium
1005 711 1217 788 occupatum,
1243 706 1267 767 i.
1295 725 1325 768 e.

145 809 192 873 ad
220 807 413 870 antediem
437 807 501 870 XV
526 807 697 872 Kalendas
726 809 876 890 Apriles,
902 812 1143 874 circumactum
1174 813 1218 874 sit
1241 811 1327 874 illud

145 916 334 995 sexaginta
349 914 480 977 dierum
496 916 656 997 spatium,
672 934 747 977 oum
762 915 1088 980 consideraverimus
1103 917 1327 981 Februarium

144 1042 302 1085 mensem
345 1020 593 1102 duodetriginta
624 1020 709 1105 dies,
748 1023 943 1084 Ianuarium
985 1042 1133 1086 mensem
1171 1025 1328 1087 habuisse

145 1130 385 1209 undetriginta
397 1127 451 1210 ³³),
477 1147 519 1190 ex
538 1148 590 1211 eo,
615 1128 703 1211 quod
724 1129 784 1192 tali
803 1131 935 1192 ratione
954 1130 1039 1193 inita
1058 1128 1239 1195 Caesarem
1258 1132 1326 1194 Ru-

148 1240 309 1301 biconem
328 1241 428 1299 noctu
449 1242 695 1318 transgressum
716 1257 747 1299 a.
769 1236 803 1300 d.
824 1237 889 1298 XV
913 1238 1085 1301 Kalendas
1101 1239 1201 1302 Febr.
1218 1258 1328 1302 ‘mane

152 1347 347 1408 Ariminum
357 1346 575 1427 occupavisse
586 1345 743 1427 efticitur,
756 1345 855 1407 facile
873 1346 1108 1426 intellegemus
1124 1353 1181 1409 aut
1192 1346 1325 1408 Plutar-

149 1455 267 1534 chum,
278 1452 316 1516 in
327 1449 484 1515 Caesaris
500 1452 598 1514 rebus
609 1451 809 1533 enarrandis
826 1453 1049 1534 temporisque
1062 1452 1179 1516 ordine
1190 1472 1325 1516 servan·

149 1561 192 1623 do
203 1559 551 1641 neglegentissimum,
564 1560 735 1621 erravisse
746 1558 941 1641 dierumque
951 1579 1126 1623 numerum
1143 1561 1226 1623 falso
1241 1579 1327 1622 com·

146 1668 329 1749 putavisse
350 1671 408 1728 aut
422 1665 574 1728 codicum
594 1665 770 1729 lectionem
784 1648 1005 1747 depravatam
1029 1686 1114 1730 esse.
1137 1667 1253 1750 Itaque
1267 1662 1330 1748 pio

145 1771 317 1857 ἑξήκοντα
342 1767 418 1856 (ξ’)
443 1773 620 1855 legendum
646 1760 868 1836 esse'censeo:
896 1769 1127 1858 ἑβδομήκοντα
1149 1769 1239 1856 (o').
1266 1776 1329 1856 Qui

150 1901 318 1944 uumerus
343 1901 417 1943 cum
446 1881 489 1942 iis
518 1880 671 1961 calculis,
702 1899 784 1961 quos
813 1899 917 1961 supra
947 1882 1174 1964 exhibuimus,
1206 1883 1329 1963 optime

148 1989 324 2052 convenit.
352 1987 439 2050 Nam
461 1988 490 2049 si
509 1983 693 2049 Caesarem
712 1987 885 2049 Rubicone
906 1988 1047 2051 traiecto
1065 2008 1103 2066 a.
1126 1988 1159 2051 d.
1183 1990 1230 2051 VI
1254 1992 1329 2068 (aut

154 2116 186 2158 a.
214 2094 249 2157 d.
278 2095 324 2176 V)
347 2093 426 2156 Idus
455 2094 634 2156 Ianuarias
658 2113 758 2156 mane
785 2093 977 2156 Ariminum
1005 2097 1202 2176 pervenisse
1226 2115 1328 2176 pona-

155 2222 239 2284 mus,
268 2202 357 2263 inter
381 2198 416 2262 id
440 2198 597 2282 oppidum
622 2206 655 2262 et
679 2199 896 2262 Brundisium
921 2206 1120 2280 occupatum
1145 2200 1327 2284 duodesep·

156 2310 313 2390 tuaginta
336 2310 411 2386 (aut
435 2308 614 2389 sexaginta
639 2312 780 2388 septem)
806 2307 890 2389 dies,
917 2308 972 2370 vel
997 2308 1025 2369 si
1050 2327 1126 2370 eum
1152 2327 1327 2371 numerum

109 2485 115 2491 x
150 2418 364 2498 expleamus,
391 2415 608 2495 septuaginta
631 2412 703 2477 dies
728 2414 922 2476 interfuisse
947 2415 1162 2477 manifestum
1188 2419 1249 2477 est.

195 2521 264 2585 Sed
288 2522 371 2584 haec
394 2521 568 2584 hactenus.
594 2521 775 2603 Reliquum
800 2527 862 2602 est,
893 2526 930 2582 ut
954 2522 1079 2604 omnia,
1106 2540 1192 2603 quae
1221 2520 1328 2583 adhuc

148 2632 193 2695 de
219 2630 304 2693 belli
327 2630 438 2691 civilis
463 2629 558 2695 initio
578 2628 737 2711 diximus,
756 2616 927 2711 tamquam
946 2649 1014 2691 una
1032 2630 1328 2710 comprehensione

147 2738 320 2819 complexi
345 2738 405 2799 sub
430 2757 532 2798 unum
557 2741 726 2818 aspectum
752 2737 957 2799 subiciamus
982 2743 1081 2819 atque
1097 2738 1199 2800 etiam
1223 2723 1327 2800 maio*-

150 2867 225 2910 rem
242 2845 343 2907 fidem
362 2846 405 2907 iis
421 2845 532 2908 facere
548 2863 719 2907 conemur.
739 2845 956 2925 Longeeuim
975 2845 1081 2927 abest,
1108 2850 1146 2907 ut
1164 2864 1217 2908 me
1231 2831 1327 2926 prae-

149 2960 278 3034 tereat,
304 2971 405 3033 quam
432 2970 541 3032 pauca
570 2951 638 3013 sint
665 2970 742 3013 mea
771 2948 969 3030 argumenta
997 2970 1163 3033 quamque
1193 2952 1330 3030 exigua!

150 3063 272 3143 Neque
299 3064 411 3121 tamen
430 3058 465 3121 id
488 3060 571 3121 mihi
592 3059 657 3121 soli
676 3060 710 3119 in
732 3059 865 3139 culpam
886 3058 1147 3121 convertendum
1168 3077 1238 3121 esse
1254 3076 1327 3120 ceu-

152 3189 224 3250 seo,
252 3166 311 3230 sed
341 3166 453 3247 potius
480 3166 526 3227 iis·
552 3165 784 3246 scriptoribus,
814 3165 871 3245 qui
900 3164 995 3225 nulla
1023 3165 1092 3227 fere
1120 3164 1329 3245 singularum

151 3296 269 3341 rerum
305 3273 431 3337 ordinis
464 3274 595 3335 ratione
627 3272 743 3335 habita
775 3272 900 3353 partim
934 3272 1084 3334 consulto
1115 3273 1240 3351 partim
1267 3289 1329 3352 per

151 3382 400 3465 neglegentiam
412 3385 479 3444 tam
495 3380 634 3442 obscure
650 3380 856 3461 scripserunt
871 3378 1006 3441 illorum
1022 3382 1207 3459 temporum
1227 3379 1327 3440 histo·

187 3615 226 3682 ³³)
245 3610 305 3666 Per
325 3624 356 3665 se
376 3606 557 3678 intellegitur
581 3604 763 3676 singulorum
792 3604 933 3661 meusium
961 3603 1023 3660 dies
1052 3618 1070 3659 a
1098 3602 1183 3660 nobis
1212 3616 1329 3675 semper

157 3723 325 3776 numeratos
344 3732 407 3773 esse
426 3731 462 3772 ex
481 3715 598 3772 ratione
616 3711 759 3770 fastorum
778 3711 905 3770 nondum
925 3728 943 3768 a
962 3711 1090 3769 Caesare
1113 3715 1327 3769 correctorum.

158 3824 228 3895 (Cir.
248 3823 388 3881 Fischer:
410 3821 510 3893 ,Rom
532 3815 718 3878 Zeittai.'“'et
736 3820 914 3878 Mommsen:
937 3818 1038 3889 „acm
1056 3817 1209 3887 Chron.“).
1222 3818 1329 3889 -Quam
1399 3793 1403 3801 ⁴

156 3932 303 3990 rationem
323 3929 402 4000 quod
422 3928 570 3986 Hofmann
589 3943 731 3998 nusquam
760 3908 937 3993 observavit,
958 3925 1147 3982 vehementer
1170 3923 1330 3994 reprehen-

157 4040 271 4098 dendus
292 4043 347 4095 est.

206 4137 209 4143 .
1188 4140 1220 4191 3*
