3196 4634
783 231 956 292 -.14-

277 375 513 458 expresserint,
540 375 714 437 veniamus
737 394 825 436 nuno
854 374 898 436 ad
916 374 1077 455 reliquos,
1103 373 1220 453 quide
1244 374 1332 437 bello
1354 374 1450 436 civili

276 482 497 565 scripserunt,
513 481 765 565 videamusque,
782 486 942 564 quantum
965 481 991 542 ii
1005 499 1064 543 nos
1085 480 1244 544 adiuvare
1262 483 1391 562 possint
1407 480 1450 547 ad

277 588 516 651 examinandos
546 585 702 652 Caesaris
731 588 986 652 commentarios
1015 592 1048 650 et
1076 586 1119 649 ad
1147 588 1234 668 ipsas
1261 606 1315 650 res
1345 588 1387 650 ab
1411 606 1449 650 eo

276 702 388 776 gestas
414 695 671 776 cognoscendas.

323 803 432 883 Atque
448 805 482 864 in
496 804 615 884 primis
630 802 878 884 praedicandae
892 807 968 864 sunt
983 799 1154 866 Ciceronis
1171 803 1346 886 epistolae,
1364 821 1448 883 quae

277 910 369 971 solae
392 911 587 973 facultatem
611 911 707 973 nobis
731 909 947 973 dant1·erum
971 909 1097 972 ordinis
1122 930 1159 972 ac
1186 915 1370 990 temporum
1395 929 1446 972 ac·

276 1016 423 1078 curatius
448 1016 723 1079 definiendorum.
750 1016 859 1078 Tanta
878 1018 965 1079 enim
990 1016 1167 1097 diligentia
1188 1020 1221 1079 et
1244 1017 1445 1096 sinceritate,

278 1126 437 1202 tantaque
462 1124 701 1204 perspicuitate
726 1128 759 1186 et
782 1112 898 1205 vigore
922 1124 1045 1186 bellum
1071 1124 1171 1187 civile
1194 1126 1228 1186 in
1253 1125 1294 1186 iis
1318 1125 1447 1205 exposi-

277 1232 346 1290 tum
372 1235 433 1312 est,
451 1235 488 1291 ut
510 1250 575 1292 non
598 1232 743 1312 narrari,
762 1249 848 1310 quae
871 1235 946 1291 sunt
970 1237 1074 1310 gesta,
1093 1229 1151 1292 sed
1172 1231 1244 1310 geri
1268 1247 1339 1292 rem
1354 1249 1446 1311 pror-

274 1354 329 1396 sus
352 1335 479 1398 rideas.
507 1335 634 1398 Tamen
659 1354 781 1399 caveas
805 1337 920 1418 velim,
944 1355 986 1398 ne
1009 1337 1213 1419 integritate,
1240 1354 1305 1415 qua
1329 1335 1447 1400 Cicero

275 1461 388 1504 omnes
417 1443 657 1506 sollicitudines
686 1445 721 1505 in
754 1444 976 1507 familiaribus
1007 1443 1141 1525 deponit
1170 1450 1203 1506 et
1231 1463 1306 1505 cunr
1334 1444 1448 1506 Attico

275 1550 486 1631 potissimum
507 1550 588 1613 belli
607 1552 761 1613 miserias
778 1552 1003 1632 conqueritur,
1020 1550 1165 1631 capiaris
1187 1549 1445 1632 adducarisque,

275 1658 312 1716 ut
335 1656 369 1716 in
394 1674 434 1717 ea
454 1658 704 1736 praetermittas
725 1657 900 1737 scriptoris·
915 1657 1172 1718 inconstantiam
1197 1675 1235 1719 ac
1249 1661 1447 1737 perpetuam

277 1763 394 1829 11111111,
407 1763 660 1828 fluctuationem
682 1772 714 1827 et
733 1765 895 1828 Boissieri
910 1762 1089 1850 („Ciceron
1105 1768 1137 1826 et
1153 1783 1204 1827 ses
1222 1761 1341 1846 amisi,
1358 1785 1392 1846 p.
1410 1766 1447 1843 2)
1521 1779 1525 1782 ’

275 1872 474 1933 sententiam
499 1878 630 1933 secutus
651 1892 751 1932 unum
772 1891 847 1934 eum
871 1872 1062 1952 incorrupte
1083 1870 1123 1932 de
1148 1871 1353 1952 temporibus
1379 1873 1447 1932 suis
1509 1884 1512 1890 ·

275 1976 445 2040 iudicasse
466 1977 660 2041 contendas.
687 1982 773 2045 Nam
798 1980 861 2041 etsi
880 1978 1005 2040 multae
1027 1978 1191 2058 epistolae
1212 1978 1447 2040 auctoritatem

276 2084 401 2146 habent
420 2084 630 2164 publicarum
655 2086 858 2168 litterarum,
878 2086 991 2166 plures
1017 2091 1128 2147 tamen
1153 2105 1173 2147 a
1197 2081 1369 2167 Cicerone,
1392 2085 1448 2166 qui

275 2211 453 2273 numquam
484 2212 504 2254 a
532 2193 713 2254 factionum
742 2194 924 2255 certamine
954 2193 1083 2255 alienus
1114 2197 1198 2273 erat,
1229 2192 1264 2252 in
1294 2192 1447 2253 chartam

274 2299 446 2360 coniectae
476 2302 564 2380 sunt,
602 2302 780 2378 utcumque
810 2317 884 2360 eum
918 2317 1077 2379 praesens
1112 2298 1243 2361 affectio
1276 2298 1443 2378 movebat,
1469 2368 1472 2377 ,

274 2403 416 2483 ideoque
443 2409 557 2467 carent
581 2404 642 2468 illa
671 2405 878 2485 maturitate,
905 2406 1075 2487 firmitate,
1107 2405 1290 2467 subtilitate
1314 2402 1444 2485 iudicii,

199 2517 203 2523 “
273 2531 374 2592 quam
398 2512 433 2573 in
462 2512 602 2574 historia
632 2512 809 2575 scribenda
833 2531 900 2574 non
929 2512 1119 2591 assequitur
1147 2511 1214 2573 nisi
1237 2512 1279 2593 is,
1311 2511 1446 2591 quires

274 2622 386 2698 gestas
412 2618 524 2698 quieto
549 2619 661 2680 animo
691 2623 724 2681 et
748 2622 925 2697 tamquam.
948 2637 989 2680 ex
1018 2619 1199 2698 longinquo
1225 2621 1384 2698 ‘spectare
1412 2619 1446 2678 et

274 2725 469 2786 examinare
493 2731 526 2787 et
546 2724 826 2805 comprehendere
850 2730 970 2806 potest.
999 2723 1089 2804 Quod
1114 2743 1251 2805 prorsus
1278 2724 1397 2804 obtigit
1412 2726 1446 2785 et

274 2831 394 2894 Asinio
418 2832 576 2913 Pollioni,
599 2831 640 2894 de
665 2851 728 2911 quo
753 2830 1035 2914 supradiximus,
1063 2836 1096 2894 et
1119 2831 1195 2895 Tito
1219 2832 1326 2913 Livio,
1350 2831 1444 2892 cuius
1489 2835 1493 2841 '

274 2939 377 3001 libros
403 2939 443 3001 de
471 2940 559 3001 bello
589 2939 685 3002 civili
714 2940 879 3002 confectos
909 2938 951 3001 ad
980 2940 1208 3019 posteritatem
1238 2958 1303 3001 non
1326 2956 1442 3018 perve-

273 3046 364 3108 nisse
387 3048 603 3109 vehementer
623 3045 801 3109 dolendum
825 3050 887 3109 est.
914 3047 979 3109 Eos
1000 3047 1089 3109 enim
1108 3048 1226 3109 ceteris
1246 3045 1445 3108 excelluisse

274 3154 339 3216 fide
356 3158 388 3216 et
404 3154 602 3217 auctoritate
612 3173 688 3215 cum
699 3155 769 3217 alia
783 3154 910 3217 indicia
922 3160 989 3216 tum
1004 3156 1164 3217 historiae
1180 3173 1292 3217 eorum
1304 3154 1442 3233 scripto-

272 3281 360 3342 rum,
387 3262 443 3339 qui
467 3260 561 3322 illum
585 3261 796 3341 potissimum
824 3261 860 3322 in
889 3261 1092 3342 exponendis
1122 3260 1285 3351 extremis¹
1311 3259 1361 3321 rei
1384 3278 1442 3339 pu-

273 3368 381 3430 blicae
392 3368 622 3430 Romanorum
636 3369 841 3447 temporibus
859 3368 964 3430 secuti
981 3376 1069 3450 sunt,
1082 3368 1182 3448 plane
1198 3366 1440 3439 demonstrant.

272 3473 585 3555 Quorum‘omnium
600 3477 726 3556 primns
747 3473 919 3556 ponendus
932 3482 982 3538 est
1001 3473 1137 3538 Cassius
1158 3474 1238 3556 Dio,
1262 3475 1442 3553 quinescio

273 3603 315 3644 an
339 3586 469 3663 praeter
497 3585 629 3648 Livium
658 3583 761 3646 etlam
781 3583 892 3644 Asinii
920 3583 1081 3644 historias
1106 3588 1138 3644 et
1167 3579 1322 3644 Caesaris
1354 3598 1442 3641 com·

273 3690 457 3750 menterios
483 3690 677 3770 inspexerit.
701 3689 785 3750 Tum
810 3707 851 3751 ex
875 3688 971 3753 Livio
996 3690 1071 3765 (aut
1095 3707 1137 3750 ex
1158 3689 1273 3767 aliqua
1297 3688 1443 3768 epitome

273 3797 345 3859 cius
371 3796 547 3876 librorum)
571 3799 754 3859 hauserunt
773 3799 925 3862 Lucanus
950 3796 994 3874 (is
1016 3795 1161 3877 quidem,
1188 3800 1224 3856 nt
1248 3796 1331 3856 nrihi
1350 3794 1441 3857 vide·

273 3910 340 3985 tur,
372 3904 473 3965 etiam
506 3903 571 3966 alio
602 3907 737 3965 auctore
766 3903 905 3983 Pompei
933 3902 1079 3983 partium
1104 3902 1305 3964 studiosiore
1333 3903 1440 3982 usus),

273 4011 430 4073 Valerius
455 4011 636 4092 Maximus,
661 4011 897 4091 epitomatores
918 4010 1049 4090 Florus,
1071 4010 1265 4091 Eutropius,
1289 4006 1440 4071 Orosius.
