3196 4634
613 254 786 316 ..25-

102 402 203 476 atque
229 415 356 477 pompa
380 395 480 458 altius
506 415 681 477 assurgere
701 400 734 458 ct
753 397 895 458 carmini
920 415 978 459 suo
1002 397 1167 477 poeticum
1188 397 1281 459 habi·

103 509 171 566 tum
186 502 333 566 inducre
348 508 499 584 conatur,
516 505 566 580 ita
577 509 611 566 et
625 504 821 585 plerumque
837 507 1013 584 poetarum
1027 522 1118 566 more
1134 504 1282 585 neglecto

103 615 279 674 auctorem
304 630 410 672 suum·
426 611 460 671 in
485 611 651 692 omnibus,
678 628 765 689 quae
795 611 1000 691 gravissima
1024 615 1112 692 sunt,
1140 630 1277 673 accura-

104 719 236 781 tissime
262 716 376 780 reddit
395 722 428 780 st
447 718 599 780 hocloco
625 737 700 780 cum
717 719 834 798 Dione,
852 716 982 797 Orosio,
999 718 1163 798 Eutropio
1184 717 1283 799 plane

103 824 287 905 consentit,
315 822 405 885 Livii
432 825 662 886 narrationem
691 826 774 886 satis
800 825 883 887 benc
907 825 1087 886 restituere
1118 828 1216 905 atque
1241 842 1282 886 ex

101 949 140 992 ea
163 947 376 1010 cognoscere
401 946 585 1008 possumus,
604 930 753 992 tribunos
773 931 894 1012 plebis,
917 948 993 992 cnm
1018 930 1127 992 Roma
1152 929 1281 1010 effugis-

104 1043 192 1117 sent,
220 1035 265 1098 ad
291 1032 450 1099 Caesaris
474 1038 658 1099 exercitum
682 1038 750 1098 iam
775 1037 941 1100 Ravenna
964 1038 1148 1118 profectum
1167 1055 1297 1125 prope·⁴

26 1200 30 1207 .
106 1165 214 1226 rasse,
248 1145 398 1206 Arimini
431 1164 506 1207 eum
540 1146 737 1208 convenisse
767 1147 842 1226 (cfr.
874 1145 1001 1208 Lucan.
1031 1147 1059 1228 I,
1090 1145 1280 1208 268-269:

112 1253 201 1337 ,Hos
226 1254 261 1333 [i.
289 1272 320 1316 e.
348 1253 499 1315 tribunos
524 1254 588 1334 pl]
613 1255 682 1316 iam
697 1259 790 1316 mota
813 1252 906 1315 ducis
925 1254 1102 1335 vicinaque
1117 1254 1213 1334 signa
1227 1248 1281 1334 'pe-

114 1365 218 1422 tentes
250 1360 375 1422 Audax
403 1360 518 1423 venali
546 1361 725 1423 comitatur
754 1358 855 1423 Curio
883 1357 1049 1442 linguai),
1084 1350 1233 1423 contioni
1262 1381 1283 1423 a

112 1465 192 1529 duce
216 1471 422 1529 convocatae
446 1485 500 1529 res
525 1467 560 1527 in
585 1467 666 1530 urbe
690 1474 801 1548 gestas
822 1469 1028 1549 exposuisse,
1055 1468 1120 1549 ipsi
1144 1465 1307 1531 Caesari.

113 1574 321 1636 occasionem
334 1573 465 1636 dedisse
476 1573 621 1635 militum
634 1574 821 1637 alacritatis
832 1576 984 1637 oratione
992 1573 1280 1656 accendenda022).

152 1680 217 1745 Cui
233 1681 425 1744 narrationi
444 1682 533 1747 Livii
549 1682 706 1745 narratio·
714 1683 826 1744 Asinii
841 1683 941 1763 plane
956 1684 1127 1745 contraria
1147 1702 1219 1745 esse
1234 1684 1283 1745 vi·

101 1787 214 1851 detur.
232 1786 352 1869 Neque
369 1792 478 1852 tamen
489 1809 543 1852 res
557 1807 603 1851 ex·
614 1790 724 1869 prima
738 1791 844 1852 fronte
859 1789 1075 1853 diiudicanda
1090 1798 1152 1871 est,
1166 1789 1223 1852 sed
1234 1790 1282 1852 di-

103 1895 267 1977 ligentius
280 1896 516 1958 examinanda.
536 1894 670 1977 Quodsi
684 1897 859 1959 fecerimus
877 1901 977 1975 atque
993 1897 1140 1960 maxime
1157 1897 1284 1978 Appia·

104 2022 186 2063 num
213 2008 246 2065 et
276 2000 495 2063 Plutarchum
529 2022 605 2065 oum
633 2003 792 2070 Suetonio
825 2004 1145 2084 comparaverimus,
1186 2002 1285 2065 facile

104 2127 311 2190 cognoscere
326 2127 515 2191 possumus,
533 2110 609 2171 illos
624 2086 808 2174 Graeculos
824 2110 907 2174 adeo
923 2112 1108 2192 pugnantia
1123 2110 1227 2192 loqui,
1249 2114 1285 2171 ut

110 2235 179 2278 non
202 2215 338 2279 dubium
360 2217 416 2298 sit,
434 2218 514 2296 quin
534 2237 664 2281 summa
682 2218 897 2299 indiligentia
921 2219 974 2280 usi
994 2223 1164 2280 auctorem
1188 2237 1284 2278 suum

106 2342 242 2404 prorsus
269 2323 502 2404 depravarint.
534 2325 583 2387 Ac
613 2324 746 2405 quidem
774 2326 949 2407 Appianas
979 2325 1038 2407 (II,
1064 2325 1106 2386 33
1138 2328 1223 2385 extr.
1252 2327 1285 2385 et

107 2430 152 2514 H,
177 2432 221 2493 35
245 2431 361 2510 initio)
380 2431 520 2494 remita
539 2433 688 2514 exponit,
711 2436 746 2493 ut
766 2433 914 2494 tribunos
934 2431 1056 2514 plebis,
1082 2415 1157 2493 cum
1177 2430 1285 2492 Roma

105 2539 317 2619 effugissent,
334 2534 513 2600 Caesarem
537 2538 736 2600 convenisse
757 2537 943 2600 Ravennae
966 2537 1080 2617 ibique
1105 2537 1146 2599 ab
1170 2555 1208 2598 eo
1222 2536 1282 2597 rni-

102 2645 224 2709 litibus
250 2649 435 2707 ostentatus
461 2664 535 2708 esse
558 2650 666 2726 putes.
698 2645 791 2708 Idem
815 2644 931 2725 colligi
955 2663 1054 2725 posse
1082 2642 1216 2704 videtur
1242 2660 1283 2704 ex

137 2878 176 2947 Ἠ)
196 2874 299 2932 Etiam
318 2889 356 2929 ex
374 2873 473 2930 verbis
493 2872 599 2930 Dionis
618 2873 711 2940 (XLI,
732 2876 758 2939 4,
783 2877 795 2928 1
815 2871 916 2929 initio:
942 2867 1109 2939 πυθόμενος
1127 2866 1178 2926 οὖν
1198 2873 1280 2925 ταῦτ’

96 3002 130 3036 κ.
148 3000 176 3036 τ.
195 2984 238 3049 λ.)
258 2979 356 3051 prima
374 2979 472 3051 specie
492 2979 593 3051 colligi
612 2994 698 3050 posse
712 2978 836 3046 videtur,
854 2978 1011 3037 Caesarem
1027 2979 1153 3049 cognitis
1169 2978 1284 3035 demum

99 3091 204 3157 rebus,
227 3104 305 3159 quae
325 3104 362 3144 ex
381 3092 448 3143 anta
476 3087 554 3144 diem
583 3088 738 3158 septimum
762 3086 830 3144 Idus
858 3087 1011 3143 lanuarias
1040 3087 1070 3142 in
1099 3088 1172 3143 urbe
1196 3090 1284 3155 atque

99 3201 191 3253 extra
211 3195 317 3251 urbem
339 3199 553 3266 genesaram,
575 3195 716 3251 Ravenna
745 3190 911 3264 profectum
935 3198 964 3250 et
984 3192 1162 3251 Rubiconem
1190 3196 1284 3246 trans·

103 3318 241 3374 gressum
262 3317 338 3357 esse.
355 3300 455 3368 Neque
469 3304 568 3356 tamen
583 3316 631 3356 res
650 3301 693 3355 ita
713 3316 744 3356 se
763 3298 899 3355 habuisse
914 3305 1022 3371 potest.
1034 3301 1126 3354 Immo
1143 3313 1214 3354 vero
1234 3296 1285 3367 qui

107 3410 265 3483 diligenter
279 3409 406 3467 Dionem
421 3408 594 3480 inspexerit,
610 3407 696 3465 facile
710 3412 869 3479 cognoscet
882 3424 947 3464 eum
965 3413 993 3464 et
1008 3406 1074 3462 aliis
1089 3405 1164 3462 locis
1185 3409 1213 3461 et
1227 3405 1285 3461 hoc

108 3515 171 3575 loco
191 3534 301 3589 parum
321 3522 460 3574 accurate
480 3532 615 3573 servasse
635 3522 802 3587 temporum
822 3515 955 3572 ordinem
974 3514 1073 3570 nescio
1093 3530 1131 3570 an
1151 3531 1186 3571 eo
1206 3529 1286 3570 com-

117 3632 230 3697 motum,
253 3642 290 3682 ne
319 3641 417 3682 rerum
446 3630 616 3681 contextum
644 3624 952 3694 continuationemque
980 3621 1286 3680 dissolveret-Mea

115 3731 225 3800 quidem
248 3730 388 3802 opinione
408 3748 455 3788 res
474 3731 560 3788 aliter
580 3748 611 3788 se
639 3730 749 3787 habere
775 3730 889 3801 nequit:
910 3735 960 3786 aut
989 3729 1100 3787 Caesar
1128 3727 1229 3785 nuntio
1249 3727 1285 3784 de

113 3840 299 3898 tribunorum
318 3837 386 3911 iuga
405 3839 496 3896 allato
517 3855 576 3896 non
594 3826 728 3896 moratus
748 3838 911 3895 exercitum
930 3838 1073 3896 Ravenna
1094 3852 1213 3894 movere
1238 3835 1286 3891 de-

109 3946 280 4005 buit-nec
300 3951 399 4003 tamen
413 3946 443 4002 id
453 3946 524 4004 fecit
535 3978 570 3986 -
581 3953 631 4002 aut
650 3947 708 4003 iam
723 3951 820 4012 antea,
834 3977 865 3985 -
876 3950 965 4016 atque
984 3945 1094 4001 ineam
1111 3943 1285 4000 sententiam

108 4053 243 4126 disputat
263 4053 581 4112 Livius—Ariminum
601 4050 751 4124 profectus
771 4056 844 4108 erat.
