3196 4634
567 906 897 972 CONTINENTUR
921 906 1012 972 HOC
1036 907 1240 973 LIBELLO:

316 1103 488 1158 Praefatio:
516 1103 560 1160 De
579 1100 649 1158 belli
669 1101 762 1158 civilis
782 1101 977 1172 scriptoribus
1001 1101 1166 1159 recentibus
1190 1108 1218 1158 et
1238 1102 1312 1158 anti·

477 1210 548 1281 quis.
570 1210 714 1281 Quantum
732 1209 761 1266 hi
776 1209 917 1267 adiuvare
935 1226 989 1267 nos
1010 1211 1123 1281 possint
1146 1210 1183 1267 ad
1203 1210 1311 1267 exarui·

477 1318 589 1375 nendos
619 1317 752 1379 Caesaris
775 1318 1003 1375 commentarios
1022 1317 1116 1389 adque
1135 1333 1311 1390 eognoscen-

453 1427 548 1501 ,dum
569 1424 638 1482 illud
659 1426 765 1483 bellum
782 1468 1308 1482 ..............................
1332 1442 1363 1496 p.
1405 1426 1486 1481 1—15

476 1568 510 1575 —
530 1534 574 1592 De
586 1534 863 1592 commentariorum
874 1533 1044 1605 integritate
1055 1532 1140 1590 valde
1155 1532 1254 1590 dubia.
1266 1533 1310 1590 De

476 1640 574 1712 ampla
593 1640 698 1697 lacuna
716 1641 747 1696 in
767 1640 895 1696 seeundo
916 1639 992 1696 libro
1013 1639 1124 1696 extanti
1132 1680 1262 1694 ........
1262 1612 1267 1626 ⁰
1277 1683 1299 1693 ..
1337 1681 1350 1709 „
1385 1640 1489 1696 ra-ao

314 1804 453 1878 Quaestio
472 1805 584 1872 primas
603 1803 648 1860 De
668 1802 737 1860 belli
750 1803 844 1859 civilis
863 1802 998 1858 initio...
1011 1846 1016 1857 .
1029 1846 1034 1856 .
1047 1846 1052 1856 .
1065 1846 1070 1856 .
1083 1847 1088 1856 .
1101 1847 1106 1856 .
1119 1845 1141 1856 ..
1155 1846 1159 1856 .
1172 1847 1177 1857 .
1190 1846 1195 1856 .
1208 1846 1213 1857 .
1227 1845 1267 1856 ...
1280 1846 1303 1856 ..
1339 1844 1353 1872 „
1384 1803 1489 1859 21-3‘3

315 1968 616 2044 Quaestloseoundat
636 1968 679 2025 De
699 1967 845 2038 legatione
865 1965 1067 2038 pacificatoria
1086 1982 1103 2023 a
1122 1966 1310 2038 Pompeianis

475 2074 574 2131 statim
592 2074 670 2131 bello
692 2078 796 2130 exorto
816 2072 853 2130 ad
869 2074 1025 2132 Caesarem
1039 2073 1205 2130 Ariminum
1221 2071 1311 2130 missa
1339 2116 1352 2144 „
1382 2075 1490 2130 38-48

315 2236 453 2309 Quaestlo
473 2236 576 2290 tertla:
605 2235 649 2292 De
678 2250 798 2291 numero
819 2234 973 2306 copiarum
993 2250 1010 2290 a
1029 2233 1216 2303 Pompeianis
1237 2231 1309 2290 Cor·

474 2342 573 2399 finium
593 2352 622 2400 et
641 2344 671 2400 in
690 2343 786 2400 vicina
805 2343 832 2399 ei
852 2341 961 2414 oppido
982 2343 1047 2399 loca
1066 2346 1246 2398 coactarum.
1265 2340 1309 2397 De

475 2452 624 2509 obsidione
644 2457 674 2508 et
693 2451 842 2508 deditione
862 2449 983 2510 Corfinii
992 2491 1301 2505 ..................

312 2614 451 2686 Quaestlo
477 2616 604 2682 quamn:
632 2613 676 2670 De
712 2614 957 2684 Pompeianorum
996 2610 1226 2682 perturbatione.
1265 2610 1308 2667 De

475 2719 612 2778 Caesaris
631 2718 844 2790 gladiatoribus
864 2720 980 2790 Capuae
995 2717 1157 2776 collocatis.
1169 2718 1217 2775 'De
1233 2717 1308 2774 Len·
1375 2691 1382 2706 ⁶

474 2827 536 2883 tulo
556 2828 684 2883 consule.
706 2826 750 2883 De
771 2825 898 2884 Caesare
918 2825 955 2881 ad
974 2822 1160 2881 Brundisium
1176 2823 1212 2879 de
1227 2825 1308 2893 pacis

417 2914 419 2917 ¹
475 2933 696 2992 condicionibus
715 2935 815 3006 agenti
830 2974 1303 2990 ...........................
1337 2974 1350 3003 ,,
1381 2934 1490 2990 56-64

312 3097 453 3170 Quaestio
472 3098 591 3165 quintas
612 3096 656 3154 De
677 3097 805 3155 Curione
823 3102 854 3154 et
872 3096 1006 3155 Pollione
1021 3097 1051 3152 in
1067 3095 1196 3156 Siciliam
1211 3096 1307 3153 missis
1337 3138 1350 3167 „
1380 3099 1489 3153 64—71

312 3258 451 3330 Quaestlo
465 3260 564 3313 sexta:
580 3258 624 3315 De
638 3258 726 3315 rebus
741 3274 758 3314 a
778 3257 904 3315 Caesare
919 3257 956 3315 ad
972 3259 1073 3315 urbem
1088 3257 1174 3314 actis
1187 3300 1192 3311 .
1241 3299 1350 3324 .....
1380 3261 1489 3318 71-77
