3196 4634
809 249 983 311 „15-

322 377 323 380 ¹
350 387 414 450 Sed
438 389 633 470 priusquam
657 390 739 452 haec
770 390 958 473 aggrediar,
985 411 1084 453 unam
1114 393 1341 472 quaestionem
1367 394 1474 456 absol-

220 502 224 513 ·
306 513 387 557 vere
413 494 603 576 ecquidem
623 513 738 557 eorum
760 496 1019 559 refellendorum
1043 517 1156 581 causa,
1179 499 1236 578 qui
1259 496 1413 562 Caesaris
1433 499 1474 560 de

305 599 394 663 bello
424 601 518 661 civili
546 603 803 665 commentarios
837 607 971 683 praeter
1003 604 1110 666 multa
1142 605 1275 667 minora
1314 605 1474 668 librorum

306 708 611 794 manuscriptorum
634 710 720 771 vitia
743 715 777 772 et
793 710 938 775 lacunas
961 711 1111 791 integros
1136 711 1178 773 ad
1202 731 1260 773 nos
1280 711 1475 793 pervenisse

305 819 436 896 putant,
463 816 693 878 narrationem
718 816 824 879 eladis
840 817 1036 880 Dolabellae
1061 822 1093 880 et
1115 818 1253 880 Antonii
1278 820 1312 879 in
1336 817 1497 898 illyrico'

307 926 475 1003 acceptae,
503 940 589 1001 quae
613 923 694 1004 quin
719 943 739 985 a
762 920 910 986 Caesare
933 924 1070 987 minime
1096 925 1140 986 sit
1164 925 1301 1008 omissa,
1328 922 1475 987 dubitari

305 1047 372 1090 non
400 1029 507 1110 possit
521 1027 573 1111 1Ι),
605 1030 817 1093 intercidisse
846 1030 1076 1094 demonstrare
1103 1033 1187 1093 mihi
1216 1032 1327 1094 liceat.
1360 1030 1475 1110 Neque

306 1153 367 1215 ego
390 1136 518 1216 primus
549 1135 584 1198 id
607 1137 783 1200 contendo.
819 1138 908 1201 Nam
937 1157 1011 1200 cum
1035 1138 1103 1200 iam
1128 1139 1187 1200 alii
1217 1157 1291 1201 eam
1321 1139 1475 1201 lacunam

307 1244 422 1305 autin
446 1248 594 1306 extremo
620 1245 766 1308 seeundo
790 1247 875 1308 libro
904 1246 1019 1308 autin
1043 1246 1208 1327 principio
1237 1247 1329 1309 tertii
1354 1241 1475 1309 alicubi

307 1370 379 1414 csse
395 1352 620 1435 coniecerant,
638 1357 707 1414 tum
723 1353 917 1435 Nipperdey
935 1352 1110 1439 („Quaest.
1128 1351 1289 1417 Caesar.“
1306 1374 1341 1435 p.
1364 1352 1474 1414 160-

305 1455 387 1534 161)
413 1475 550 1539 eumque
585 1459 691 1521 secuti
714 1459 1033 1523 Kraner-Hofmann
1061 1459 1120 1539 (ad
1149 1456 1243 1523 Caes.
1275 1461 1337 1543 ΠΙ,
1369 1460 1408 1537 8)
1437 1474 1476 1518 co

306 1564 474 1646 commoti,
502 1564 590 1645 quod
614 1562 741 1628 Caesar
769 1565 1036 1647 expeditionibus
1064 1566 1176 1629 Bibuli
1201 1568 1366 1630 enarratis
1395 1562 1475 1644 (ΙΙΙ,

306 1669 340 1751 8,
364 1670 402 1747 4)
431 1671 541 1734 subito
572 1679 670 1754 atque
699 1673 882 1754 improviso
912 1677 1061 1747 transeat
1089 1673 1131 1735 ad
1157 1673 1393 1737 describendas
1423 1688 1475 1731 res

306 1780 418 1857 gestas
442 1774 578 1841 Octavii
601 1779 679 1861 (ΠΙ,
705 1782 739 1860 9,
764 1778 797 1842 1;
826 1780 1009 1865 „Discessu
1032 1781 1255 1844 Liburnarum
1280 1798 1322 1842 ex
1338 1777 1475 1859 Illyrico

306 1883 353 1946 M.
380 1879 562 1946 Octavius‘l
582 1889 676 1968 eet),
702 1886 789 1948 inter
805 1892 961 1948 octavum
980 1887 1059 1949 libri
1078 1887 1169 1949 tertii
1181 1891 1282 1968 caput
1301 1892 1334 1950 et
1356 1901 1475 1949 nonum

305 1991 442 2053 illarum
464 2010 577 2054 rerum
600 1992 813 2072 Illyricarum
838 1993 1065 2056 narrationem
1089 1993 1170 2055 olim
1185 1994 1353 2057 exstitisse
1379 1995 1475 2069 atque

305 2102 422 2179 postea
442 2099 654 2163 intercidisse
668 2104 880 2163 censuerunt.
908 2104 997 2181 Quae
1013 2102 1181 2164 sententia
1200 2101 1352 2183 quamvis
1368 2098 1478 2181 prima

307 2207 417 2287 speeie
435 2207 517 2269 satis
532 2207 730 2269 verisimilis
753 2209 808 2289 sit,
826 2211 938 2270 tamen
953 2196 1149 2288 diligentius
1171 2208 1364 2271 examinata
1383 2221 1473 2287 pror-

307 2332 362 2374 sus
386 2313 522 2375 infirma
546 2313 606 2376 tibi
630 2312 812 2395 videbitur,
839 2314 868 2375 si
892 2314 1097 2376 concesseris
1122 2312 1303 2376 verendum
1328 2330 1416 2391 esse,
1440 2309 1477 2367 ut
1570 2384 1571 2397 ¹

307 2416 433 2483 Caesar
457 2437 636 2503 exponens,
664 2419 826 2500 quomodo
850 2420 923 2501 ipse
947 2421 1091 2483 classem
1116 2419 1159 2482 ad
1183 2420 1278 2501 Epiri
1303 2439 1396 2482 oram
1420 2431 1475 2494 ap·
1570 2402 1571 2415 ¹

306 2526 430 2606 pulerit
454 2530 487 2588 et
505 2526 643 2588 Bibulus
664 2525 878 2588 redeuntibus
900 2515 1042 2589 navibus
1058 2525 1292 2588 detrimentum
1312 2519 1474 2597 attulerit,

306 2634 341 2694 in
366 2632 476 2695 media
501 2652 541 2695 ea
565 2634 759 2696 narratione
780 2635 887 2697 subito
912 2633 1025 2696 clades
1046 2654 1066 2696 a
1089 2633 1267 2696 Dolabella
1291 2638 1324 2695 et
1348 2633 1389 2696 ab
1409 2628 1474 2691 An·

308 2740 399 2802 tonio
423 2741 528 2803 multo
554 2745 631 2803 ante
657 2745 810 2822 acceptas
835 2741 1050 2822 descripserit
1070 2746 1168 2822 atque
1191 2740 1242 2802 ita
1263 2758 1378 2802 rerum
1402 2752 1476 2798 con·

308 2850 436 2910 textum
461 2847 668 2911 dissolverit.
691 2846 842 2931 Accedit,
859 2847 946 2930 quod
969 2849 1097 2929 ipsein
1121 2852 1240 2930 quarto
1264 2849 1374 2928 capite
1394 2847 1426 2922 (S
1442 2840 1475 2915 2)

308 2955 385 3017 libri
418 2955 510 3017 tertii
543 2955 666 3017 milites
699 2956 907 3018 Antonianos
940 2956 1078 3036 Pompei
1112 2955 1274 3018 exercitui
1305 2952 1473 3016 immixtos

308 3081 381 3126 esse
405 3062 487 3125 dicit
510 3080 614 3142 eoque
639 3062 796 3146 ostendit,
819 3082 854 3126 se
879 3083 981 3144 supra
1004 3062 1044 3125 de
1068 3062 1218 3126 cladibus
1239 3063 1385 3143 Illyricis
1407 3067 1472 3120 esse

307 3170 463 3231 locutum.
491 3168 608 3249 Neque
629 3169 729 3232 aliter
753 3189 805 3232 res
826 3188 861 3232 se
881 3170 1039 3232 habuisse
1059 3172 1180 3250 potest.
1208 3169 1297 3230 Nam
1316 3188 1390 3230 cum
1410 3162 1475 3224 An·

308 3275 417 3338 tonius
443 3281 475 3338 et
498 3275 677 3338 Dolabella
701 3275 817 3339 eodem
841 3280 988 3357 tempore
1012 3276 1238 3357 vincerentur,
1266 3292 1328 3353 quo
1353 3270 1476 3336 Caesar

344 3523 379 3583 ΙΙ)
397 3521 465 3592 Ipse
486 3520 607 3590 Caesar,
624 3526 709 3592 quem
725 3520 868 3578 memoria
882 3520 1038 3592 plurimum
1052 3518 1179 3577 valuisse
1198 3524 1228 3575 et
1247 3518 1478 3590 quotiescunque

307 3629 437 3700 legentes
457 3632 506 3684 aut
521 3628 608 3686 dictis
628 3634 678 3686 aut
698 3628 814 3686 omissis
832 3628 930 3685 verbis
952 3633 1000 3699 „ut
1023 3643 1113 3698 supra
1135 3618 1416 3683 demonstravimus“
1442 3607 1477 3669 ad

309 3736 435 3808 aliquam
464 3752 527 3793 rem
554 3742 641 3794 antea
662 3737 826 3808 expositam
846 3739 976 3802 revocet,
996 3709 1061 3790 eam
1081 3749 1114 3790 re
1133 3749 1203 3790 vera
1221 3747 1359 3789 narrasse
1378 3727 1477 3783 notum

309 3848 364 3912 est,
384 3859 419 3901 eo
439 3845 516 3915 quod
534 3843 611 3901 illius
630 3844 721 3901 cladis
741 3844 919 3901 mentionem
947 3840 1058 3900 faciens
1087 3846 1133 3898 ter
1164 3840 1202 3898 ad
1224 3841 1407 3912 superiorem
1431 3827 1478 3884 de·

306 3951 498 4022 scriptionem
518 3950 579 4008 eius
597 3935 721 4008 remittit
745 3950 812 4021 (III,
836 3956 863 4019 4,
888 3953 919 4019 2;
948 3953 992 4019 10,
1011 3953 1047 4033 53⁴
1062 3953 1107 4018 67,
1126 3947 1169 4024 5),
1189 3965 1220 4006 se
1244 3947 1362 4005 uberius
1386 3939 1422 3997 de
1445 3946 1480 3989 02·

306 4059 436 4116 locutum
455 4046 519 4114 esse
539 4036 677 4114 ostendit.
