3196 4634
815 241 989 302 -10-

312 384 421 448 Pollio
445 388 543 464 atque
571 383 629 446 ille
653 383 788 465 quidem
810 385 910 446 homo
939 380 1102 468 Graecus.
1134 383 1185 443 En
1213 387 1395 445 revocatur
1417 383 1488 444 iam
1594 456 1595 461 γ

312 492 348 553 11
371 491 478 553 vitam
501 489 696 552 Trallianus
716 495 842 573 noster,
868 509 967 572 quem
990 508 1092 570 supra
1112 490 1341 571 sepelivimus.
1369 489 1488 568 Neque
1594 480 1595 511 ¹

313 617 395 661 vero
428 599 606 678 quicquam
640 599 772 661 anferre
800 617 935 680 possum
964 597 1005 660 de
1029 598 1084 679 iis,
1120 615 1203 677 quae
1233 596 1314 658 dixi.
1347 596 1488 658 Asinius

312 706 476 768 Pollionis
491 705 631 768 libertus
646 710 831 768 monstrum
846 710 908 767 est.
923 705 1038 785 ltaque
1054 704 1140 765 nihil
1155 704 1368 785 relinquitur,
1385 723 1487 785 quam

312 818 348 875 ut
370 815 457 875 hunc
481 812 636 875 Asinium
662 813 848 876 Pollionem
876 811 1030 876 Caesaris
1060 812 1208 893 legatum
1235 812 1484 892 intellegamus.

312 918 444 981 Nodum
480 924 590 981 autem
623 918 798 1000 expediam
833 920 897 981 hoc
926 917 1033 981 modo:
1064 918 1277 1000 Plutarchus,
1305 937 1379 979 cum
1402 918 1488 980 haec

311 1028 381 1090 fere
405 1028 511 1090 verba
539 1027 625 1108 apud
654 1033 824 1089 auctorem
858 1047 953 1088 suum
984 1026 1121 1106 legeret:
1147 1031 1261 1103 ταῦτα,
1290 1021 1380 1107 (ὥς)
1406 1038 1490 1107 φησι

313 1128 468 1198 Πολλίων
495 1124 579 1210 Ἀο.,
603 1127 645 1194 τὰ
667 1127 795 1215 ῥήματα
815 1127 996 1214 Ῥωμαιστὶ
1023 1126 1083 1213 μὲν
1106 1127 1336 1213 ἀνεφθέγξατο
1358 1127 1377 1193 ὁ
1400 1137 1488 1200 Καῖῆ

312 1253 372 1321 ooo
404 1234 493 1322 παρὰ
524 1234 584 1304 τὸν
616 1234 693 1302 τότε
725 1234 854 1321 καιρόν,
881 1233 1061 1321 Ἑλληνιστὶ
1088 1229 1118 1302 d'
1149 1229 1205 1302 ὑπ’
1237 1236 1317 1319 ἐμοῦ
1343 1239 1433 1318 (scil.
1466 1259 1490 1301 a

311 1347 474 1427 scriptore
498 1344 643 1425 Graeco)
667 1340 856 1428 γέγραπται·
884 1348 984 1409 etiam
1008 1347 1069 1408 1111
1096 1347 1202 1408 verba
1226 1335 1300 1429 ,da'
1330 1343 1410 1426 ἐμοῦ
1432 1340 1488 1425 μέ·

308 1451 470 1537 mamad
494 1455 598 1534 ipsius
627 1453 738 1515 Asinii
760 1455 922 1517 Pollionis
949 1453 1056 1516 duxit.
1083 1451 1194 1534 Quare
1223 1453 1299 1516 fieri
1333 1473 1398 1515 non
1421 1473 1481 1535 po-

312 1562 386 1642 tuit,
412 1561 491 1642 quin
516 1560 704 1641 ambiguam
725 1561 926 1624 sententiam
946 1560 1113 1642 proderet,
1140 1560 1169 1621 si
1194 1561 1275 1621 satis
1294 1560 1412 1622 habuit
1436 1558 1486 1622 di·
1546 1558 1550 1575 '

311 1670 439 1730 rectam
460 1666 645 1728 orationem
664 1667 698 1727 iu
718 1668 887 1747 obliquam
906 1672 1114 1730 convertere.
1141 1666 1176 1727 Si
1195 1667 1260 1728 hoc
1280 1685 1399 1728 verum
1419 1671 1485 1747 est,

274 1771 276 1775 ’
312 1776 438 1856 optimo
462 1775 535 1837 iure
554 1793 606 1836 me
627 1781 896 1837 asseveraturum
920 1793 1030 1856 spero,
1051 1775 1269 1836 Plutarchum
1294 1794 1369 1836 1111
1388 1777 1484 1855 puta-

310 1888 363 1944 ret
394 1881 549 1942 Asinium
582 1881 769 1944 Pollionem
802 1878 932 1945 Graece
965 1882 1153 1963 scripsisse,
1189 1881 1297 1943 Asinii
1325 1881 1487 1943 historias

309 2007 415 2068 neque
427 1984 550 2068 legisse
570 2007 675 2068 neque
688 1989 891 2052 adhibuisse.
909 1990 1014 2051 Porro
1035 1990 1115 2069 quia
1134 1985 1252 2069 negari
1270 2007 1336 2050 non
1359 1991 1485 2070 potest,

311 2094 437 2157 dictum
460 2094 544 2157 illud
559 2091 716 2158 Caesaris
738 2115 779 2158 ex
790 2096 941 2158 historiis
963 2095 1124 2157 Pollionis
1150 2113 1223 2157 esse
1243 2095 1383 2158 libatum
1402 2095 1482 2173 (cfr.

311 2202 447 2265 Sueton.
464 2201 529 2263 Iul.
547 2202 619 2284 30),
636 2203 796 2284 sequitur,
818 2207 855 2263 ut
869 2208 996 2283 auctor,
1013 2221 1110 2283 quem
1129 2201 1329 2264 Plutarchus
1350 2221 1485 2283 expres·

310 2309 365 2389 sit,
392 2294 509 2369 Asinii
526 2308 687 2370 Pollionis
707 2307 868 2371 historias
889 2312 946 2371 aut
968 2314 1099 2389 partem
1122 2325 1236 2369 earum
1260 2305 1426 2371 Graecam
1447 2310 1485 2371 in
1594 2368 1595 2373 ,

310 2416 461 2495 linguam
481 2412 683 2495 redegerim.
698 2415 858 2496 —Atque
878 2416 913 2477 11
932 2417 997 2478 fine
1015 2415 1216 2494 quaestionis
1234 2434 1313 2477 suae
1333 2414 1488 2478 Thouret

310 2526 359 2604 (p.
387 2523 591 2601 345—34o):
620 2520 743 2609 ,Cuius
764 2524 885 2603 [libelli
908 2521 1039 2588 Graece
1055 2523 1186 2604 scripti]
1207 2523 1335 2605 titulus,
1360 2523 1485 2607 inquit,

311 2633 471 2710 quantum
487 2648 630 2709 auguror
642 2631 847 2713 coniectura,
873 2632 943 2693 fere
957 2631 1013 2692 hic
1029 2633 1112 2692 erat:
1133 2620 1278 2693 Ἀσινίου
1300 2624 1489 2703 Πωλίωνος

312 2731 489 2819 (βιβλίον)
504 2731 581 2819 περὶ
594 2742 654 2800 τοῦ
669 2732 827 2818 ἐμφυλίου
841 2743 899 2821 τῆς
910 2732 1043 2821 Ῥώμης
1057 2732 1214 2819 πολέμου,
1227 2733 1266 2801 ὃν
1278 2732 1489 2820 ἐπολέμησαν

309 2837 441 2924 Καῖοοίρ
455 2863 491 2905 τε
505 2838 560 2905 καὶ
576 2839 762 2926 Πομπήιος.
771 2844 958 2926 -Suidas,
972 2845 1170 2924 ubicumque
1184 2846 1270 2906 hunc
1288 2845 1420 2906 titulum
1435 2847 1486 2907 in·

310 2952 415 3032 venit,
442 2950 594 3013 libellum
619 2951 800 3034 adscripsit
827 2953 971 3035 Polioni,
996 2954 1123 3015 rhetori
1151 2950 1283 3016 Graeco
1308 2972 1347 3015 11
1371 2954 1485 3033 philo·

310 3059 428 3140 sopho,
459 3076 556 3140 quem
585 3079 626 3121 ea
655 3065 764 3123 aetate
793 3060 923 3123 Romae
951 3061 1052 3123 fuisse
1088 3061 1225 3123 sciebat.
1258 3062 1486 3140 Quamobrem

311 3164 452 3227 addidit:
480 3160 499 3227 ὁ
518 3155 660 3236 Ἀσίννιος
682 3153 881 3248 χρηματίσας
906 3171 938 3229 et
955 3161 1032 3249 περὶ
1054 3171 1115 3228 τοῦ
1138 3161 1297 3246 ἐμφυλίου
1321 3188 1353 3230 κ.
1375 3188 1406 3230 τ.
1428 3164 1485 3230 λ.ιι

356 3268 417 3335 Cui
442 3272 627 3334 sententiae
651 3271 813 3335 Thoureti
842 3274 1055 3355 argutissime
1085 3273 1274 3353 explicatae
1302 3274 1409 3336 multa
1435 3280 1483 3337 ta-

310 3396 387 3439 men
399 3396 586 3459 repugnare
605 3378 690 3440 mihi
709 3378 876 3441 videntur.
899 3380 947 3441 Ac
967 3380 1112 3461 primum
1131 3378 1264 3460 quidem
1283 3381 1393 3443 facere
1415 3400 1484 3444 non

309 3503 459 3567 possum,
485 3485 564 3566 quin
578 3486 614 3546 in
637 3485 705 3547 illis
721 3487 833 3549 verbis
860 3487 996 3568 (ταῦτα,
1015 3481 1104 3568 (ὥς)
1126 3499 1206 3568 φησι
1222 3481 1378 3550 Πολλίων
1395 3477 1483 3567 'Ao.,

229 3646 231 3649 ,
309 3585 350 3652 τὰ
372 3587 500 3674 ῥήματα
519 3587 702 3674 Ῥωμαιοτί
718 3588 779 3673 μὲν
791 3588 1020 3674 ἀνεφθέγξατο
1040 3589 1059 3655 ὁ
1078 3598 1210 3676 Καῖσαρ
1225 3588 1313 3676 παρὰ
1332 3589 1392 3658 τὸν
1406 3590 1486 3658 τότε

309 3691 439 3780 καιρόν,
453 3694 633 3780 Ἑλληνιστὶ
646 3692 677 3762 δ’
694 3691 747 3764 ὑπ’
768 3697 849 3781 ἐμοῦ
862 3695 1063 3782 γέγραπται)
1080 3700 1256 3782 offendam,
1274 3719 1358 3781 quae
1374 3701 1483 3765 Thou·

309 3811 362 3870 ret
385 3807 602 3869 Plutarchum
624 3808 712 3889 apud
732 3813 903 3871 auctorem
927 3829 1022 3870 suum
1041 3810 1164 3890 legisse
1189 3814 1288 3889 atque
1313 3811 1362 3873 ita
1381 3811 1483 3874 inter-

309 3916 478 3992 pretatum
498 3931 572 3976 esse
587 3912 726 3996 iudicat,
747 3912 883 3976 utillud
900 3904 974 4000 ,du'
995 3912 1074 3996 ἐμοῦ
1092 3909 1291 3997 pipponem&
1310 3915 1353 3977 ad
1373 3917 1485 3998 ipsum

311 4018 464 4079 Asinium
492 4019 679 4081 Pollionem
707 4021 859 4083 referret.
898 4020 986 4083 Nam
1015 4040 1089 4083 cum
1118 4040 1321 4104 magnopere
1350 4041 1484 4107 vereor,
