<?xml version="1.0" encoding="UTF-8"?>
<!DOCTYPE html PUBLIC "-//W3C//DTD XHTML 1.0 Transitional//EN"
    "http://www.w3.org/TR/xhtml1/DTD/xhtml1-transitional.dtd">
<html xmlns="http://www.w3.org/1999/xhtml" xml:lang="en" lang="en">
 <head>
  <title>
</title>
<meta http-equiv="Content-Type" content="text/html;charset=utf-8" />
  <meta name='ocr-system' content='tesseract 3.04.00' />
  <meta name='ocr-capabilities' content='ocr_page ocr_carea ocr_par ocr_line ocrx_word'/>
</head>
<body>
  <div class='ocr_page' id='page_1' title='image "./debellocivilica00basigoog_0045.png"; bbox 0 0 3196 4634; ppageno 0'>
   <div class='ocr_carea' id='block_1_1' title="bbox 827 242 999 303">
    <p class='ocr_par' dir='ltr' id='par_1_1' title="bbox 827 242 999 303">
     <span class='ocr_line' id='line_1_1' title="bbox 827 242 999 303; baseline -0.006 -17"><span class='ocrx_word' id='word_1_1' title='bbox 827 242 999 303; x_wconf 71' lang='lat'>..30-</span> 
     </span>
    </p>
   </div>
   <div class='ocr_carea' id='block_1_2' title="bbox 210 382 1573 907">
    <p class='ocr_par' dir='ltr' id='par_1_2' title="bbox 210 382 1573 907">
     <span class='ocr_line' id='line_1_2' title="bbox 321 382 1508 467; baseline 0.001 -22"><span class='ocrx_word' id='word_1_2' title='bbox 321 383 387 464; x_wconf 85' lang='lat' dir='ltr'><strong>(ad·</strong></span> <span class='ocrx_word' id='word_1_3' title='bbox 406 385 476 447; x_wconf 89' lang='lat' dir='ltr'><strong>Att.</strong></span> <span class='ocrx_word' id='word_1_4' title='bbox 504 385 580 467; x_wconf 83' lang='lat' dir='ltr'><strong>VH,</strong></span> <span class='ocrx_word' id='word_1_5' title='bbox 607 385 663 448; x_wconf 84' lang='lat' dir='ltr'><strong>to.</strong></span> <span class='ocrx_word' id='word_1_6' title='bbox 689 384 751 466; x_wconf 84' lang='lat' dir='ltr'><strong>lx,</strong></span> <span class='ocrx_word' id='word_1_7' title='bbox 777 384 833 467; x_wconf 83' lang='lat'><strong>10,</strong></span> <span class='ocrx_word' id='word_1_8' title='bbox 859 385 897 462; x_wconf 85' lang='grc'><strong>4)</strong></span> <span class='ocrx_word' id='word_1_9' title='bbox 922 383 1073 462; x_wconf 88' lang='lat' dir='ltr'><strong>aliosque</strong></span> <span class='ocrx_word' id='word_1_10' title='bbox 1092 385 1272 465; x_wconf 71' lang='lat' dir='ltr'><strong>scriptores</strong></span> <span class='ocrx_word' id='word_1_11' title='bbox 1297 384 1377 462; x_wconf 82' lang='lat' dir='ltr'><strong>(Dio</strong></span> <span class='ocrx_word' id='word_1_12' title='bbox 1400 382 1481 464; x_wconf 88' lang='lat' dir='ltr'><strong>XLI,</strong></span> <span class='ocrx_word' id='word_1_13' title='bbox 1503 413 1508 424; x_wconf 52' lang='lat'><strong><em>¹</em></strong></span> 
     </span>
     <span class='ocr_line' id='line_1_3' title="bbox 321 479 1484 574; baseline 0 -22"><span class='ocrx_word' id='word_1_14' title='bbox 321 492 492 555; x_wconf 88' lang='lat' dir='ltr'><strong>6.-Plut.</strong></span> <span class='ocrx_word' id='word_1_15' title='bbox 519 493 634 574; x_wconf 88' lang='lat' dir='ltr'><strong>Pomp.</strong></span> <span class='ocrx_word' id='word_1_16' title='bbox 661 492 716 556; x_wconf 88' lang='lat'><strong>61.</strong></span> <span class='ocrx_word' id='word_1_17' title='bbox 743 479 842 556; x_wconf 87' lang='lat' dir='ltr'><strong>Caes.</strong></span> <span class='ocrx_word' id='word_1_18' title='bbox 868 490 1060 572; x_wconf 83' lang='lat' dir='ltr'><strong>34.—-App.</strong></span> <span class='ocrx_word' id='word_1_19' title='bbox 1086 492 1130 573; x_wconf 81' lang='grc' dir='ltr'><strong>ΙΙ,</strong></span> <span class='ocrx_word' id='word_1_20' title='bbox 1158 491 1216 569; x_wconf 82' lang='grc'><strong>37)</strong></span> <span class='ocrx_word' id='word_1_21' title='bbox 1240 491 1433 572; x_wconf 91' lang='lat' dir='ltr'><strong>Pompeium</strong></span> <span class='ocrx_word' id='word_1_22' title='bbox 1455 498 1484 554; x_wconf 92' lang='lat' dir='ltr'><strong>et</strong></span> 
     </span>
     <span class='ocr_line' id='line_1_4' title="bbox 210 598 1484 663; baseline 0.002 -3"><span class='ocrx_word' id='word_1_23' title='bbox 210 615 217 621; x_wconf 87' lang='lat'><em>·</em></span> <span class='ocrx_word' id='word_1_24' title='bbox 322 600 476 662; x_wconf 90' lang='lat' dir='ltr'><strong>consules</strong></span> <span class='ocrx_word' id='word_1_25' title='bbox 501 619 576 662; x_wconf 92' lang='lat' dir='ltr'><strong>cum</strong></span> <span class='ocrx_word' id='word_1_26' title='bbox 600 602 669 663; x_wconf 87' lang='lat' dir='ltr'><strong>suis</strong></span> <span class='ocrx_word' id='word_1_27' title='bbox 695 620 726 663; x_wconf 88' lang='lat' dir='ltr'><strong>a.</strong></span> <span class='ocrx_word' id='word_1_28' title='bbox 754 599 786 663; x_wconf 91' lang='lat' dir='ltr'><strong>d.</strong></span> <span class='ocrx_word' id='word_1_29' title='bbox 813 599 894 660; x_wconf 89' lang='lat' dir='ltr'><strong>XIV</strong></span> <span class='ocrx_word' id='word_1_30' title='bbox 924 603 957 662; x_wconf 88' lang='lat' dir='ltr'><strong>et</strong></span> <span class='ocrx_word' id='word_1_31' title='bbox 979 598 1063 660; x_wconf 88' lang='lat' dir='ltr'>XIII</span> <span class='ocrx_word' id='word_1_32' title='bbox 1090 598 1262 661; x_wconf 78' lang='lat' dir='ltr'>Kalendas</span> <span class='ocrx_word' id='word_1_33' title='bbox 1287 599 1484 662; x_wconf 78' lang='lat' dir='ltr'><strong>Februarias</strong></span> 
     </span>
     <span class='ocr_line' id='line_1_5' title="bbox 321 705 1573 795; baseline 0.002 -29"><span class='ocrx_word' id='word_1_34' title='bbox 321 705 425 769; x_wconf 85' lang='lat' dir='ltr'><strong>allato</strong></span> <span class='ocrx_word' id='word_1_35' title='bbox 449 706 651 787; x_wconf 73' lang='lat' dir='ltr'><strong>Ariminum,</strong></span> <span class='ocrx_word' id='word_1_36' title='bbox 678 708 868 788; x_wconf 79' lang='lat' dir='ltr'><strong>Pisaurum,</strong></span> <span class='ocrx_word' id='word_1_37' title='bbox 895 706 1037 787; x_wconf 81' lang='lat' dir='ltr'><strong>Fanum,</strong></span> <span class='ocrx_word' id='word_1_38' title='bbox 1066 707 1249 787; x_wconf 79' lang='lat' dir='ltr'><strong>Anconam,</strong></span> <span class='ocrx_word' id='word_1_39' title='bbox 1277 707 1445 769; x_wconf 85' lang='lat' dir='ltr'><strong>Arretium</strong></span> <span class='ocrx_word' id='word_1_40' title='bbox 1468 726 1485 768; x_wconf 86' lang='lat' dir='ltr'><strong>a</strong></span> <span class='ocrx_word' id='word_1_41' title='bbox 1567 778 1573 795; x_wconf 49' lang='grc' dir='ltr'>Ι</span> 
     </span>
     <span class='ocr_line' id='line_1_6' title="bbox 320 808 1486 907; baseline -0.001 -32"><span class='ocrx_word' id='word_1_42' title='bbox 320 808 467 876; x_wconf 80' lang='lat' dir='ltr'><strong>Caesare</strong></span> <span class='ocrx_word' id='word_1_43' title='bbox 491 819 653 896; x_wconf 89' lang='lat' dir='ltr'><strong>occupata</strong></span> <span class='ocrx_word' id='word_1_44' title='bbox 677 834 750 878; x_wconf 89' lang='lat' dir='ltr'><strong>esse</strong></span> <span class='ocrx_word' id='word_1_45' title='bbox 773 816 830 893; x_wconf 87' lang='lat' dir='ltr'><strong>(cf.</strong></span> <span class='ocrx_word' id='word_1_46' title='bbox 859 811 929 877; x_wconf 91' lang='lat' dir='ltr'><strong>Cic.</strong></span> <span class='ocrx_word' id='word_1_47' title='bbox 959 812 1001 907; x_wconf 60' lang='lat' dir='ltr'><strong>acl</strong></span> <span class='ocrx_word' id='word_1_48' title='bbox 1025 815 1104 875; x_wconf 89' lang='lat' dir='ltr'><strong>fam.</strong></span> <span class='ocrx_word' id='word_1_49' title='bbox 1135 812 1229 894; x_wconf 83' lang='lat' dir='ltr'><strong>XVI,</strong></span> <span class='ocrx_word' id='word_1_50' title='bbox 1256 812 1311 894; x_wconf 83' lang='lat'><strong>12,</strong></span> <span class='ocrx_word' id='word_1_51' title='bbox 1338 813 1357 873; x_wconf 83' lang='lat'><strong>2</strong></span> <span class='ocrx_word' id='word_1_52' title='bbox 1387 818 1420 875; x_wconf 89' lang='lat' dir='ltr'><strong>et</strong></span> <span class='ocrx_word' id='word_1_53' title='bbox 1448 812 1486 874; x_wconf 91' lang='lat' dir='ltr'><strong>ad</strong></span> 
     </span>
    </p>
   </div>
   <div class='ocr_carea' id='block_1_3' title="bbox 315 1023 1494 1953">
    <p class='ocr_par' dir='ltr' id='par_1_3' title="bbox 315 1023 1494 1953">
     <span class='ocr_line' id='line_1_7' title="bbox 318 1023 1488 1096; baseline 0.001 -15"><span class='ocrx_word' id='word_1_54' title='bbox 318 1024 488 1082; x_wconf 90' lang='lat' dir='ltr'><strong>laenderum</strong></span> <span class='ocrx_word' id='word_1_55' title='bbox 509 1024 804 1096; x_wconf 82' lang='lat' dir='ltr'><strong>(,Sittengeschichte</strong></span> <span class='ocrx_word' id='word_1_56' title='bbox 824 1025 932 1082; x_wconf 85' lang='lat' dir='ltr'><strong>Roms“</strong></span> <span class='ocrx_word' id='word_1_57' title='bbox 953 1023 1004 1090; x_wconf 70' lang='grc' dir='ltr'><strong>ΙΙΙ,</strong></span> <span class='ocrx_word' id='word_1_58' title='bbox 1027 1026 1143 1091; x_wconf 70' lang='grc'>17-19)</span> <span class='ocrx_word' id='word_1_59' title='bbox 1158 1029 1187 1080; x_wconf 89' lang='lat' dir='ltr'><strong>et</strong></span> <span class='ocrx_word' id='word_1_60' title='bbox 1201 1023 1356 1081; x_wconf 90' lang='lat' dir='ltr'><strong>Bardtium</strong></span> <span class='ocrx_word' id='word_1_61' title='bbox 1370 1024 1488 1095; x_wconf 78' lang='lat' dir='ltr'><strong>(,Quae</strong></span> 
     </span>
     <span class='ocr_line' id='line_1_8' title="bbox 318 1128 1490 1204; baseline -0.001 -17"><span class='ocrx_word' id='word_1_62' title='bbox 318 1132 406 1189; x_wconf 90' lang='lat' dir='ltr'><strong>stiou.</strong></span> <span class='ocrx_word' id='word_1_63' title='bbox 429 1130 581 1190; x_wconf 85' lang='lat' dir='ltr'><strong>Ciceron.“</strong></span> <span class='ocrx_word' id='word_1_64' title='bbox 596 1132 709 1201; x_wconf 82' lang='lat' dir='ltr'><strong>(Berol.</strong></span> <span class='ocrx_word' id='word_1_65' title='bbox 732 1129 825 1204; x_wconf 83' lang='lat'><strong>1866),</strong></span> <span class='ocrx_word' id='word_1_66' title='bbox 844 1147 874 1201; x_wconf 87' lang='lat' dir='ltr'><strong>p.</strong></span> <span class='ocrx_word' id='word_1_67' title='bbox 890 1132 996 1199; x_wconf 81' lang='lat'><strong>20).—</strong></span> <span class='ocrx_word' id='word_1_68' title='bbox 1008 1128 1183 1186; x_wconf 80' lang='lat' dir='ltr'><strong>Rectissime</strong></span> <span class='ocrx_word' id='word_1_69' title='bbox 1202 1128 1330 1186; x_wconf 89' lang='lat' dir='ltr'><strong>coniecit</strong></span> <span class='ocrx_word' id='word_1_70' title='bbox 1349 1129 1490 1202; x_wconf 78' lang='lat' dir='ltr'><strong>Schweig-</strong></span> 
     </span>
     <span class='ocr_line' id='line_1_9' title="bbox 318 1236 1491 1311; baseline 0 -17"><span class='ocrx_word' id='word_1_71' title='bbox 318 1238 441 1296; x_wconf 88' lang='lat' dir='ltr'><strong>haeuser</strong></span> <span class='ocrx_word' id='word_1_72' title='bbox 471 1240 516 1311; x_wconf 73' lang='lat' dir='ltr'><strong>lin</strong></span> <span class='ocrx_word' id='word_1_73' title='bbox 542 1239 672 1310; x_wconf 89' lang='lat' dir='ltr'><strong>Appiani</strong></span> <span class='ocrx_word' id='word_1_74' title='bbox 701 1238 841 1307; x_wconf 87' lang='lat' dir='ltr'><strong>editione,</strong></span> <span class='ocrx_word' id='word_1_75' title='bbox 872 1238 927 1304; x_wconf 88' lang='grc' dir='ltr'><strong>ΙΙΙ,</strong></span> <span class='ocrx_word' id='word_1_76' title='bbox 956 1240 1022 1305; x_wconf 80' lang='grc'>743)</span> <span class='ocrx_word' id='word_1_77' title='bbox 1050 1237 1199 1308; x_wconf 79' lang='lat' dir='ltr'><strong>vulgatam</strong></span> <span class='ocrx_word' id='word_1_78' title='bbox 1228 1236 1309 1294; x_wconf 89' lang='lat' dir='ltr'><strong>illam</strong></span> <span class='ocrx_word' id='word_1_79' title='bbox 1335 1237 1491 1294; x_wconf 89' lang='lat' dir='ltr'><strong>lectionem</strong></span> 
     </span>
     <span class='ocr_line' id='line_1_10' title="bbox 317 1342 1490 1418; baseline -0.002 -16"><span class='ocrx_word' id='word_1_80' title='bbox 317 1345 452 1403; x_wconf 89' lang='lat' dir='ltr'><strong>codicum</strong></span> <span class='ocrx_word' id='word_1_81' title='bbox 471 1346 601 1418; x_wconf 88' lang='lat' dir='ltr'><strong>Appiani</strong></span> <span class='ocrx_word' id='word_1_82' title='bbox 615 1346 666 1414; x_wconf 88' lang='grc' dir='ltr'><strong>(ΙΙ,</strong></span> <span class='ocrx_word' id='word_1_83' title='bbox 682 1348 728 1416; x_wconf 83' lang='grc'><strong>32,</strong></span> <span class='ocrx_word' id='word_1_84' title='bbox 745 1361 802 1416; x_wconf 90' lang='lat' dir='ltr'><strong>quo</strong></span> <span class='ocrx_word' id='word_1_85' title='bbox 820 1345 888 1402; x_wconf 93' lang='lat' dir='ltr'><strong>loco</strong></span> <span class='ocrx_word' id='word_1_86' title='bbox 903 1344 939 1401; x_wconf 89' lang='lat' dir='ltr'><strong>de</strong></span> <span class='ocrx_word' id='word_1_87' title='bbox 955 1343 1106 1401; x_wconf 90' lang='lat' dir='ltr'><strong>celeritate</strong></span> <span class='ocrx_word' id='word_1_88' title='bbox 1121 1342 1260 1401; x_wconf 87' lang='lat' dir='ltr'><strong>Curionis</strong></span> <span class='ocrx_word' id='word_1_89' title='bbox 1275 1360 1339 1400; x_wconf 86' lang='lat' dir='ltr'><strong>cum</strong></span> <span class='ocrx_word' id='word_1_90' title='bbox 1356 1343 1490 1402; x_wconf 80' lang='lat' dir='ltr'><strong>Caesaris</strong></span> 
     </span>
     <span class='ocr_line' id='line_1_11' title="bbox 319 1447 1489 1523; baseline -0.002 -15"><span class='ocrx_word' id='word_1_91' title='bbox 319 1451 427 1509; x_wconf 85' lang='lat' dir='ltr'><strong>litteris</strong></span> <span class='ocrx_word' id='word_1_92' title='bbox 455 1452 493 1509; x_wconf 91' lang='lat' dir='ltr'><strong>ad</strong></span> <span class='ocrx_word' id='word_1_93' title='bbox 521 1456 653 1510; x_wconf 88' lang='lat' dir='ltr'><strong>senatum</strong></span> <span class='ocrx_word' id='word_1_94' title='bbox 682 1452 801 1523; x_wconf 89' lang='lat' dir='ltr'><strong>scriptis</strong></span> <span class='ocrx_word' id='word_1_95' title='bbox 820 1452 945 1510; x_wconf 85' lang='lat' dir='ltr'><strong>Romam</strong></span> <span class='ocrx_word' id='word_1_96' title='bbox 968 1447 1188 1523; x_wconf 81' lang='lat' dir='ltr'><strong>proficiscentis</strong></span> <span class='ocrx_word' id='word_1_97' title='bbox 1208 1455 1376 1517; x_wconf 65' lang='lat' dir='ltr'><strong>narratum:</strong></span> <span class='ocrx_word' id='word_1_98' title='bbox 1397 1448 1489 1520; x_wconf 80' lang='grc' dir='ltr'><em>τρισίν</em></span> 
     </span>
     <span class='ocr_line' id='line_1_12' title="bbox 317 1552 1490 1646; baseline 0.002 -34"><span class='ocrx_word' id='word_1_99' title='bbox 317 1554 435 1628; x_wconf 75' lang='grc' dir='ltr'><strong><em>ἡμέραις</em></strong></span> <span class='ocrx_word' id='word_1_100' title='bbox 462 1555 647 1630; x_wconf 82' lang='grc' dir='ltr'><strong><em>τριακοσίους</em></strong></span> <span class='ocrx_word' id='word_1_101' title='bbox 675 1556 722 1614; x_wconf 77' lang='grc' dir='ltr'><strong>ἐπὶ</strong></span> <span class='ocrx_word' id='word_1_102' title='bbox 749 1554 918 1630; x_wconf 81' lang='grc' dir='ltr'><em>τρισχιλίοις</em></span> <span class='ocrx_word' id='word_1_103' title='bbox 941 1553 1080 1646; x_wconf 35' lang='grc' dir='ltr'><em>σταδίους,</em></span> <span class='ocrx_word' id='word_1_104' title='bbox 1095 1552 1212 1625; x_wconf 77' lang='grc' dir='ltr'><em>δραμών</em></span> <span class='ocrx_word' id='word_1_105' title='bbox 1231 1556 1309 1626; x_wconf 85' lang='lat' dir='ltr'><strong>(cod.</strong></span> <span class='ocrx_word' id='word_1_106' title='bbox 1331 1556 1490 1614; x_wconf 76' lang='lat' dir='ltr'><strong>Vaticanus</strong></span> 
     </span>
     <span class='ocr_line' id='line_1_13' title="bbox 316 1654 1489 1741; baseline -0.002 -20"><span class='ocrx_word' id='word_1_107' title='bbox 316 1654 367 1741; x_wconf 84' lang='lat' dir='ltr'><strong>(V)</strong></span> <span class='ocrx_word' id='word_1_108' title='bbox 388 1682 406 1723; x_wconf 92' lang='lat' dir='ltr'><strong>a</strong></span> <span class='ocrx_word' id='word_1_109' title='bbox 424 1666 664 1723; x_wconf 78' lang='lat' dir='ltr'><strong>Mendelssohnio</strong></span> <span class='ocrx_word' id='word_1_110' title='bbox 684 1666 714 1723; x_wconf 92' lang='lat' dir='ltr'><strong>in</strong></span> <span class='ocrx_word' id='word_1_111' title='bbox 730 1664 860 1723; x_wconf 84' lang='lat' dir='ltr'><strong>editione</strong></span> <span class='ocrx_word' id='word_1_112' title='bbox 880 1681 932 1722; x_wconf 90' lang='lat' dir='ltr'><strong>sua</strong></span> <span class='ocrx_word' id='word_1_113' title='bbox 946 1664 1076 1737; x_wconf 81' lang='lat' dir='ltr'><strong>Appiani</strong></span> <span class='ocrx_word' id='word_1_114' title='bbox 1090 1663 1214 1721; x_wconf 89' lang='lat' dir='ltr'><strong>collatus</strong></span> <span class='ocrx_word' id='word_1_115' title='bbox 1230 1664 1364 1721; x_wconf 81' lang='lat' dir='ltr'><strong>exhibet:</strong></span> <span class='ocrx_word' id='word_1_116' title='bbox 1379 1682 1422 1735; x_wconf 84' lang='grc' dir='ltr'><strong>τρ.</strong></span> <span class='ocrx_word' id='word_1_117' title='bbox 1441 1666 1489 1734; x_wconf 66' lang='lat' dir='ltr'><strong>aa.</strong></span> 
     </span>
     <span class='ocr_line' id='line_1_14' title="bbox 315 1765 1492 1844; baseline 0.002 -18"><span class='ocrx_word' id='word_1_118' title='bbox 315 1791 360 1844; x_wconf 81' lang='grc' dir='ltr'><strong>τρ.</strong></span> <span class='ocrx_word' id='word_1_119' title='bbox 390 1768 414 1827; x_wconf 78' lang='grc' dir='ltr'><strong>ἐ.</strong></span> <span class='ocrx_word' id='word_1_120' title='bbox 438 1769 540 1842; x_wconf 79' lang='grc' dir='ltr'><em>χιλίοις</em></span> <span class='ocrx_word' id='word_1_121' title='bbox 569 1791 614 1828; x_wconf 89' lang='grc' dir='ltr'><strong>στ.</strong></span> <span class='ocrx_word' id='word_1_122' title='bbox 644 1775 689 1844; x_wconf 91' lang='lat' dir='ltr'><strong>[ut</strong></span> <span class='ocrx_word' id='word_1_123' title='bbox 719 1772 862 1831; x_wconf 87' lang='lat' dir='ltr'><strong>Gcseuius</strong></span> <span class='ocrx_word' id='word_1_124' title='bbox 883 1771 1022 1843; x_wconf 90' lang='lat' dir='ltr'><strong>coniecit]</strong></span> <span class='ocrx_word' id='word_1_125' title='bbox 1046 1777 1075 1828; x_wconf 91' lang='lat' dir='ltr'><strong>et</strong></span> <span class='ocrx_word' id='word_1_126' title='bbox 1099 1765 1263 1842; x_wconf 74' lang='grc' dir='ltr'><em>διαδραμών</em></span> <span class='ocrx_word' id='word_1_127' title='bbox 1266 1775 1280 1841; x_wconf 89' lang='grc'><em>)</em></span> <span class='ocrx_word' id='word_1_128' title='bbox 1300 1771 1492 1843; x_wconf 89' lang='lat' dir='ltr'><strong>depravatam</strong></span> 
     </span>
     <span class='ocr_line' id='line_1_15' title="bbox 317 1875 1494 1953; baseline 0 -15"><span class='ocrx_word' id='word_1_129' title='bbox 317 1896 380 1938; x_wconf 82' lang='lat' dir='ltr'><strong>esse</strong></span> <span class='ocrx_word' id='word_1_130' title='bbox 400 1898 435 1938; x_wconf 83' lang='lat' dir='ltr'><strong>aa</strong></span> <span class='ocrx_word' id='word_1_131' title='bbox 453 1882 554 1953; x_wconf 87' lang='lat' dir='ltr'><strong>potius</strong></span> <span class='ocrx_word' id='word_1_132' title='bbox 574 1881 776 1939; x_wconf 84' lang='lat' dir='ltr'><strong>scribendum:</strong></span> <span class='ocrx_word' id='word_1_133' title='bbox 796 1876 889 1951; x_wconf 81' lang='grc' dir='ltr'><em>τρισίν</em></span> <span class='ocrx_word' id='word_1_134' title='bbox 917 1881 966 1949; x_wconf 78' lang='grc' dir='ltr'><strong>ἡμ.</strong></span> <span class='ocrx_word' id='word_1_135' title='bbox 990 1897 1034 1948; x_wconf 81' lang='grc' dir='ltr'><strong>το.</strong></span> <span class='ocrx_word' id='word_1_136' title='bbox 1056 1876 1104 1934; x_wconf 69' lang='lat' dir='ltr'><strong>aar</strong></span> <span class='ocrx_word' id='word_1_137' title='bbox 1123 1875 1273 1948; x_wconf 82' lang='grc' dir='ltr'><em>δισχιλίοις</em></span> <span class='ocrx_word' id='word_1_138' title='bbox 1293 1897 1337 1934; x_wconf 91' lang='grc' dir='ltr'><strong>στ.</strong></span> <span class='ocrx_word' id='word_1_139' title='bbox 1359 1880 1435 1937; x_wconf 83' lang='lat' dir='ltr'><strong>Nam</strong></span> <span class='ocrx_word' id='word_1_140' title='bbox 1456 1898 1494 1938; x_wconf 81' lang='lat' dir='ltr'><strong>ex</strong></span> 
     </span>
    </p>
   </div>
   <div class='ocr_carea' id='block_1_4' title="bbox 316 1984 1553 2085">
    <p class='ocr_par' dir='ltr' id='par_1_4' title="bbox 316 1984 1553 2085">
     <span class='ocr_line' id='line_1_16' title="bbox 316 1984 1553 2085; baseline 0.002 -43"><span class='ocrx_word' id='word_1_141' title='bbox 316 1985 415 2042; x_wconf 91' lang='lat' dir='ltr'><strong>Hirtio</strong></span> <span class='ocrx_word' id='word_1_142' title='bbox 434 1985 516 2054; x_wconf 85' lang='lat' dir='ltr'><strong>(bell.</strong></span> <span class='ocrx_word' id='word_1_143' title='bbox 538 1986 613 2044; x_wconf 82' lang='lat' dir='ltr'><strong>Gall.</strong></span> <span class='ocrx_word' id='word_1_144' title='bbox 633 1986 716 2055; x_wconf 91' lang='lat' dir='ltr'>VIII,</span> <span class='ocrx_word' id='word_1_145' title='bbox 736 1989 781 2054; x_wconf 81' lang='lat'><strong>55,</strong></span> <span class='ocrx_word' id='word_1_146' title='bbox 804 1990 842 2054; x_wconf 88' lang='lat' dir='ltr'><strong>l),</strong></span> <span class='ocrx_word' id='word_1_147' title='bbox 869 1985 1009 2044; x_wconf 86' lang='lat' dir='ltr'><strong>Suetonio</strong></span> <span class='ocrx_word' id='word_1_148' title='bbox 1034 1984 1105 2054; x_wconf 80' lang='lat' dir='ltr'><strong>(div.</strong></span> <span class='ocrx_word' id='word_1_149' title='bbox 1126 1984 1180 2042; x_wconf 91' lang='lat' dir='ltr'><strong>Iul.</strong></span> <span class='ocrx_word' id='word_1_150' title='bbox 1203 2002 1229 2043; x_wconf 94' lang='lat' dir='ltr'><strong>c.</strong></span> <span class='ocrx_word' id='word_1_151' title='bbox 1259 1989 1295 2043; x_wconf 85' lang='lat'><strong>30</strong></span> <span class='ocrx_word' id='word_1_152' title='bbox 1321 1985 1411 2055; x_wconf 81' lang='lat' dir='ltr'><strong>init),</strong></span> <span class='ocrx_word' id='word_1_153' title='bbox 1430 1989 1493 2059; x_wconf 92' lang='lat' dir='ltr'><strong>Ap·</strong></span> <span class='ocrx_word' id='word_1_154' title='bbox 1547 2066 1553 2085; x_wconf 43' lang='grc'>1</span> 
     </span>
    </p>
   </div>
   <div class='ocr_carea' id='block_1_5' title="bbox 309 2079 1503 4099">
    <p class='ocr_par' dir='ltr' id='par_1_5' title="bbox 309 2079 1503 4099">
     <span class='ocr_line' id='line_1_17' title="bbox 315 2079 1493 2168; baseline 0.003 -18"><span class='ocrx_word' id='word_1_155' title='bbox 315 2094 404 2165; x_wconf 89' lang='lat' dir='ltr'><strong>piano</strong></span> <span class='ocrx_word' id='word_1_156' title='bbox 423 2094 476 2163; x_wconf 81' lang='lat' dir='ltr'><strong>(Il,</strong></span> <span class='ocrx_word' id='word_1_157' title='bbox 496 2097 531 2151; x_wconf 80' lang='lat'><strong>32</strong></span> <span class='ocrx_word' id='word_1_158' title='bbox 550 2094 625 2165; x_wconf 77' lang='lat' dir='ltr'><strong>init.)</strong></span> <span class='ocrx_word' id='word_1_159' title='bbox 645 2093 781 2158; x_wconf 84' lang='lat' dir='ltr'><strong>efficitur,</strong></span> <span class='ocrx_word' id='word_1_160' title='bbox 802 2079 963 2152; x_wconf 79' lang='lat' dir='ltr'><strong>Caesarem&#39;</strong></span> <span class='ocrx_word' id='word_1_161' title='bbox 976 2092 1073 2152; x_wconf 87' lang='lat' dir='ltr'><strong>Gallia</strong></span> <span class='ocrx_word' id='word_1_162' title='bbox 1091 2093 1275 2165; x_wconf 89' lang='lat' dir='ltr'><strong>transalpina</strong></span> <span class='ocrx_word' id='word_1_163' title='bbox 1288 2094 1394 2151; x_wconf 88' lang='lat' dir='ltr'><strong>relicta</strong></span> <span class='ocrx_word' id='word_1_164' title='bbox 1407 2095 1493 2168; x_wconf 83' lang='lat' dir='ltr'><strong>Alpi-</strong></span> 
     </span>
     <span class='ocr_line' id='line_1_18' title="bbox 314 2199 1492 2273; baseline 0.003 -17"><span class='ocrx_word' id='word_1_165' title='bbox 314 2199 425 2270; x_wconf 88' lang='lat' dir='ltr'><strong>busque</strong></span> <span class='ocrx_word' id='word_1_166' title='bbox 445 2200 589 2271; x_wconf 90' lang='lat' dir='ltr'><strong>superatis</strong></span> <span class='ocrx_word' id='word_1_167' title='bbox 608 2200 728 2257; x_wconf 88' lang='lat' dir='ltr'><strong>ineunte</strong></span> <span class='ocrx_word' id='word_1_168' title='bbox 748 2200 904 2258; x_wconf 91' lang='lat' dir='ltr'><strong>Decembri</strong></span> <span class='ocrx_word' id='word_1_169' title='bbox 925 2214 1024 2257; x_wconf 89' lang='lat' dir='ltr'><strong>mense</strong></span> <span class='ocrx_word' id='word_1_170' title='bbox 1044 2199 1112 2273; x_wconf 83' lang='lat' dir='ltr'><strong>anui</strong></span> <span class='ocrx_word' id='word_1_171' title='bbox 1130 2215 1158 2256; x_wconf 90' lang='lat' dir='ltr'><strong>a.</strong></span> <span class='ocrx_word' id='word_1_172' title='bbox 1179 2216 1206 2256; x_wconf 90' lang='lat' dir='ltr'><strong>u.</strong></span> <span class='ocrx_word' id='word_1_173' title='bbox 1228 2216 1254 2256; x_wconf 85' lang='lat' dir='ltr'><strong>c.</strong></span> <span class='ocrx_word' id='word_1_174' title='bbox 1275 2203 1328 2257; x_wconf 73' lang='lat'><strong>704</strong></span> <span class='ocrx_word' id='word_1_175' title='bbox 1347 2217 1412 2258; x_wconf 91' lang='lat' dir='ltr'><strong>oum</strong></span> <span class='ocrx_word' id='word_1_176' title='bbox 1433 2219 1492 2259; x_wconf 88' lang='lat' dir='ltr'><strong>una</strong></span> 
     </span>
     <span class='ocr_line' id='line_1_19' title="bbox 314 2298 1491 2380; baseline 0.003 -16"><span class='ocrx_word' id='word_1_177' title='bbox 314 2307 431 2379; x_wconf 83' lang='lat' dir='ltr'><strong>legione</strong></span> <span class='ocrx_word' id='word_1_178' title='bbox 450 2308 480 2363; x_wconf 91' lang='lat' dir='ltr'><strong>iu</strong></span> <span class='ocrx_word' id='word_1_179' title='bbox 500 2307 626 2366; x_wconf 90' lang='lat' dir='ltr'><strong>Galliam</strong></span> <span class='ocrx_word' id='word_1_180' title='bbox 654 2307 827 2379; x_wconf 85' lang='lat' dir='ltr'><strong>cisalpinam</strong></span> <span class='ocrx_word' id='word_1_181' title='bbox 854 2305 1020 2379; x_wconf 86' lang='lat' dir='ltr'><strong>profectum</strong></span> <span class='ocrx_word' id='word_1_182' title='bbox 1043 2306 1141 2378; x_wconf 86' lang='lat' dir='ltr'><strong>ibique</strong></span> <span class='ocrx_word' id='word_1_183' title='bbox 1170 2306 1248 2365; x_wconf 92' lang='lat' dir='ltr'><strong>lente</strong></span> <span class='ocrx_word' id='word_1_184' title='bbox 1278 2298 1311 2365; x_wconf 61' lang='lat' dir='ltr'><strong>et*</strong></span> <span class='ocrx_word' id='word_1_185' title='bbox 1335 2310 1491 2380; x_wconf 82' lang='lat' dir='ltr'><strong>paullatim</strong></span> 
     </span>
     <span class='ocr_line' id='line_1_20' title="bbox 314 2415 1494 2520; baseline 0.005 -49"><span class='ocrx_word' id='word_1_186' title='bbox 314 2415 425 2485; x_wconf 86' lang='lat' dir='ltr'><strong>(nescio</strong></span> <span class='ocrx_word' id='word_1_187' title='bbox 445 2431 482 2472; x_wconf 90' lang='lat' dir='ltr'><strong>an</strong></span> <span class='ocrx_word' id='word_1_188' title='bbox 501 2421 625 2487; x_wconf 90' lang='lat' dir='ltr'><strong>propter</strong></span> <span class='ocrx_word' id='word_1_189' title='bbox 643 2421 805 2473; x_wconf 86' lang='lat' dir='ltr'><strong>conventus</strong></span> <span class='ocrx_word' id='word_1_190' title='bbox 830 2415 1104 2487; x_wconf 86' lang='lat' dir='ltr'><strong>peragendos-cf.</strong></span> <span class='ocrx_word' id='word_1_191' title='bbox 1127 2416 1207 2474; x_wconf 88' lang='lat' dir='ltr'><strong>Suet.</strong></span> <span class='ocrx_word' id='word_1_192' title='bbox 1226 2415 1245 2470; x_wconf 88' lang='lat' dir='ltr'><strong>l.</strong></span> <span class='ocrx_word' id='word_1_193' title='bbox 1265 2417 1304 2520; x_wconf 56' lang='lat' dir='ltr'><strong>c.)</strong></span> <span class='ocrx_word' id='word_1_194' title='bbox 1332 2433 1422 2488; x_wconf 90' lang='lat' dir='ltr'><strong>usque</strong></span> <span class='ocrx_word' id='word_1_195' title='bbox 1454 2419 1494 2477; x_wconf 78' lang='lat' dir='ltr'><strong>ati</strong></span> 
     </span>
     <span class='ocr_line' id='line_1_21' title="bbox 314 2522 1494 2598; baseline 0.003 -17"><span class='ocrx_word' id='word_1_196' title='bbox 314 2524 484 2581; x_wconf 82' lang='lat' dir='ltr'><strong>Ravennam</strong></span> <span class='ocrx_word' id='word_1_197' title='bbox 503 2538 692 2594; x_wconf 84' lang='lat' dir='ltr'><strong>progressum</strong></span> <span class='ocrx_word' id='word_1_198' title='bbox 711 2539 786 2591; x_wconf 90' lang='lat' dir='ltr'><strong>esse,</strong></span> <span class='ocrx_word' id='word_1_199' title='bbox 806 2522 882 2583; x_wconf 88' lang='lat' dir='ltr'><strong>uude</strong></span> <span class='ocrx_word' id='word_1_200' title='bbox 901 2522 1095 2591; x_wconf 89' lang='lat' dir='ltr'><strong>commodius,</strong></span> <span class='ocrx_word' id='word_1_201' title='bbox 1116 2539 1192 2593; x_wconf 89' lang='lat' dir='ltr'><strong>quae</strong></span> <span class='ocrx_word' id='word_1_202' title='bbox 1212 2538 1260 2580; x_wconf 93' lang='lat' dir='ltr'><strong>res</strong></span> <span class='ocrx_word' id='word_1_203' title='bbox 1280 2524 1392 2581; x_wconf 85' lang='lat' dir='ltr'><strong>Romae</strong></span> <span class='ocrx_word' id='word_1_204' title='bbox 1420 2541 1494 2598; x_wconf 81' lang='lat' dir='ltr'><strong>ege-</strong></span> 
     </span>
     <span class='ocr_line' id='line_1_22' title="bbox 313 2629 1493 2702; baseline 0.003 -16"><span class='ocrx_word' id='word_1_205' title='bbox 313 2635 426 2694; x_wconf 87' lang='lat' dir='ltr'><strong>rentur,</strong></span> <span class='ocrx_word' id='word_1_206' title='bbox 457 2631 618 2687; x_wconf 86' lang='lat' dir='ltr'><strong>observare</strong></span> <span class='ocrx_word' id='word_1_207' title='bbox 646 2636 746 2701; x_wconf 88' lang='lat' dir='ltr'><strong>atque,</strong></span> <span class='ocrx_word' id='word_1_208' title='bbox 776 2630 827 2688; x_wconf 92' lang='lat' dir='ltr'><strong>ubi</strong></span> <span class='ocrx_word' id='word_1_209' title='bbox 854 2634 970 2702; x_wconf 89' lang='lat' dir='ltr'><strong>tempus</strong></span> <span class='ocrx_word' id='word_1_210' title='bbox 999 2635 1089 2698; x_wconf 83' lang='lat' dir='ltr'><strong>esset,</strong></span> <span class='ocrx_word' id='word_1_211' title='bbox 1110 2629 1150 2687; x_wconf 90' lang='lat' dir='ltr'><strong>ad</strong></span> <span class='ocrx_word' id='word_1_212' title='bbox 1177 2630 1335 2702; x_wconf 83' lang='lat' dir='ltr'><strong>gerendum</strong></span> <span class='ocrx_word' id='word_1_213' title='bbox 1364 2638 1493 2702; x_wconf 89' lang='lat' dir='ltr'><strong>paratus</strong></span> 
     </span>
     <span class='ocr_line' id='line_1_23' title="bbox 313 2736 1496 2812; baseline 0.006 -18"><span class='ocrx_word' id='word_1_214' title='bbox 313 2736 416 2794; x_wconf 87' lang='lat' dir='ltr'><strong>Italiae</strong></span> <span class='ocrx_word' id='word_1_215' title='bbox 435 2737 545 2793; x_wconf 89' lang='lat' dir='ltr'><strong>bellum</strong></span> <span class='ocrx_word' id='word_1_216' title='bbox 565 2736 677 2794; x_wconf 86' lang='lat' dir='ltr'><strong>inferre</strong></span> <span class='ocrx_word' id='word_1_217' title='bbox 697 2741 808 2809; x_wconf 87' lang='lat' dir='ltr'><strong>posset.</strong></span> <span class='ocrx_word' id='word_1_218' title='bbox 829 2739 872 2795; x_wconf 85' lang='lat' dir='ltr'><strong>Ac</strong></span> <span class='ocrx_word' id='word_1_219' title='bbox 893 2737 1010 2808; x_wconf 92' lang='lat' dir='ltr'><strong>quidem</strong></span> <span class='ocrx_word' id='word_1_220' title='bbox 1040 2736 1149 2794; x_wconf 86' lang='lat' dir='ltr'><strong>Caesar</strong></span> <span class='ocrx_word' id='word_1_221' title='bbox 1169 2738 1206 2795; x_wconf 90' lang='lat' dir='ltr'><strong>ad</strong></span> <span class='ocrx_word' id='word_1_222' title='bbox 1234 2738 1264 2796; x_wconf 92' lang='lat' dir='ltr'><strong>id</strong></span> <span class='ocrx_word' id='word_1_223' title='bbox 1292 2745 1406 2812; x_wconf 89' lang='lat' dir='ltr'><strong>tempus</strong></span> <span class='ocrx_word' id='word_1_224' title='bbox 1432 2743 1496 2801; x_wconf 89' lang='lat' dir='ltr'><strong>iter</strong></span> 
     </span>
     <span class='ocr_line' id='line_1_24' title="bbox 314 2842 1498 2922; baseline 0.004 -20"><span class='ocrx_word' id='word_1_225' title='bbox 314 2843 444 2902; x_wconf 82' lang='lat' dir='ltr'><strong>faciebat</strong></span> <span class='ocrx_word' id='word_1_226' title='bbox 473 2845 763 2902; x_wconf 81' lang='lat' dir='ltr'><strong>Ravennamversus</strong></span> <span class='ocrx_word' id='word_1_227' title='bbox 783 2845 852 2917; x_wconf 84' lang='lat' dir='ltr'><strong>(cfr.</strong></span> <span class='ocrx_word' id='word_1_228' title='bbox 878 2847 1006 2917; x_wconf 84' lang='lat' dir='ltr'><strong>Appiau.</strong></span> <span class='ocrx_word' id='word_1_229' title='bbox 1027 2845 1047 2901; x_wconf 94' lang='lat' dir='ltr'><strong>l.</strong></span> <span class='ocrx_word' id='word_1_230' title='bbox 1068 2845 1099 2903; x_wconf 88' lang='lat' dir='ltr'><strong>l.:</strong></span> <span class='ocrx_word' id='word_1_231' title='bbox 1122 2842 1180 2901; x_wconf 80' lang='grc' dir='ltr'><strong>ἀπὸ</strong></span> <span class='ocrx_word' id='word_1_232' title='bbox 1201 2847 1317 2904; x_wconf 79' lang='grc' dir='ltr'><em>Κελτῶν</em></span> <span class='ocrx_word' id='word_1_233' title='bbox 1337 2856 1393 2904; x_wconf 83' lang='grc' dir='ltr'><strong>τῶν</strong></span> <span class='ocrx_word' id='word_1_234' title='bbox 1413 2846 1498 2922; x_wconf 84' lang='grc' dir='ltr'>ἀμφὶ</span> 
     </span>
     <span class='ocr_line' id='line_1_25' title="bbox 312 2949 1500 3026; baseline 0.008 -18"><span class='ocrx_word' id='word_1_235' title='bbox 312 2949 363 3008; x_wconf 81' lang='grc' dir='ltr'><strong>τὸν</strong></span> <span class='ocrx_word' id='word_1_236' title='bbox 380 2953 487 3023; x_wconf 77' lang='grc' dir='ltr'><em>Ῥῆνον</em></span> <span class='ocrx_word' id='word_1_237' title='bbox 507 2949 543 3008; x_wconf 79' lang='grc' dir='ltr'><strong>τὰ</strong></span> <span class='ocrx_word' id='word_1_238' title='bbox 562 2951 613 3026; x_wconf 80' lang='grc' dir='ltr'><strong>ὄρη</strong></span> <span class='ocrx_word' id='word_1_239' title='bbox 633 2950 669 3010; x_wconf 82' lang='grc' dir='ltr'><strong>τὰ</strong></span> <span class='ocrx_word' id='word_1_240' title='bbox 684 2954 800 3010; x_wconf 79' lang='grc' dir='ltr'><em>Ἄλπεια</em></span> <span class='ocrx_word' id='word_1_241' title='bbox 838 2951 960 3011; x_wconf 72' lang='grc' dir='ltr'><em>διελθὼν</em></span> <span class='ocrx_word' id='word_1_242' title='bbox 982 2952 1033 3010; x_wconf 76' lang='grc' dir='ltr'><strong>σὺν</strong></span> <span class='ocrx_word' id='word_1_243' title='bbox 1062 2954 1305 3025; x_wconf 81' lang='grc' dir='ltr'><em>πεντακισχιλίοις</em></span> <span class='ocrx_word' id='word_1_244' title='bbox 1324 2961 1422 3026; x_wconf 82' lang='grc' dir='ltr'><em>πεζοῖς</em></span> <span class='ocrx_word' id='word_1_245' title='bbox 1439 2959 1500 3017; x_wconf 85' lang='grc' dir='ltr'><strong>καὶ</strong></span> 
     </span>
     <span class='ocr_line' id='line_1_26' title="bbox 313 3057 1498 3137; baseline 0.005 -22"><span class='ocrx_word' id='word_1_246' title='bbox 313 3058 429 3115; x_wconf 73' lang='grc' dir='ltr'><em>ἱππεῦσι</em></span> <span class='ocrx_word' id='word_1_247' title='bbox 448 3057 626 3132; x_wconf 84' lang='grc' dir='ltr'><em>τριακοσίοις</em></span> <span class='ocrx_word' id='word_1_248' title='bbox 645 3057 860 3134; x_wconf 77' lang='grc' dir='ltr'><em>κατέβαινεν</em></span> <span class='ocrx_word' id='word_1_249' title='bbox 882 3057 931 3116; x_wconf 75' lang='lat' dir='ltr'><strong>iai</strong></span> <span class='ocrx_word' id='word_1_250' title='bbox 944 3057 1130 3130; x_wconf 72' lang='lat' dir='ltr'><strong>‘Poove&#39;vvqc,</strong></span> <span class='ocrx_word' id='word_1_251' title='bbox 1150 3064 1167 3131; x_wconf 73' lang='grc' dir='ltr'><strong><em>ἣ</em></strong></span> <span class='ocrx_word' id='word_1_252' title='bbox 1193 3063 1323 3133; x_wconf 79' lang='grc' dir='ltr'><em>συναφής</em></span> <span class='ocrx_word' id='word_1_253' title='bbox 1346 3082 1376 3119; x_wconf 81' lang='grc' dir='ltr'><strong>τε</strong></span> <span class='ocrx_word' id='word_1_254' title='bbox 1394 3059 1432 3134; x_wconf 74' lang='grc' dir='ltr'><strong>ἦν</strong></span> <span class='ocrx_word' id='word_1_255' title='bbox 1455 3071 1498 3137; x_wconf 81' lang='grc' dir='ltr'><strong>τῇ</strong></span> 
     </span>
     <span class='ocr_line' id='line_1_27' title="bbox 311 3146 1502 3245; baseline 0.009 -25"><span class='ocrx_word' id='word_1_256' title='bbox 311 3164 422 3245; x_wconf 81' lang='grc' dir='ltr'><em>Ἰταλίᾳ</em></span> <span class='ocrx_word' id='word_1_257' title='bbox 441 3146 492 3221; x_wconf 85' lang='grc' dir='ltr'><strong>καὶ</strong></span> <span class='ocrx_word' id='word_1_258' title='bbox 510 3174 561 3236; x_wconf 75' lang='grc' dir='ltr'><strong>τῆς</strong></span> <span class='ocrx_word' id='word_1_259' title='bbox 580 3164 730 3238; x_wconf 82' lang='grc' dir='ltr'><em>Καίσαρος</em></span> <span class='ocrx_word' id='word_1_260' title='bbox 743 3164 833 3239; x_wconf 83' lang='grc' dir='ltr'><em>ἀρχῆς</em></span> <span class='ocrx_word' id='word_1_261' title='bbox 851 3164 1025 3238; x_wconf 80' lang='grc' dir='ltr'><em>τελευταία),</em></span> <span class='ocrx_word' id='word_1_262' title='bbox 1043 3185 1108 3225; x_wconf 90' lang='lat' dir='ltr'><strong>cum</strong></span> <span class='ocrx_word' id='word_1_263' title='bbox 1124 3168 1226 3236; x_wconf 87' lang='lat' dir='ltr'><strong>Curi0,</strong></span> <span class='ocrx_word' id='word_1_264' title='bbox 1242 3170 1291 3239; x_wconf 92' lang='lat' dir='ltr'><strong>qui</strong></span> <span class='ocrx_word' id='word_1_265' title='bbox 1306 3170 1408 3240; x_wconf 76' lang='lat' dir='ltr'><strong>pauoiS</strong></span> <span class='ocrx_word' id='word_1_266' title='bbox 1426 3172 1502 3231; x_wconf 84' lang='lat' dir='ltr'><strong>die-</strong></span> 
     </span>
     <span class='ocr_line' id='line_1_28' title="bbox 311 3273 1502 3348; baseline 0.007 -17"><span class='ocrx_word' id='word_1_267' title='bbox 311 3274 365 3331; x_wconf 94' lang='lat' dir='ltr'><strong>bus</strong></span> <span class='ocrx_word' id='word_1_268' title='bbox 392 3279 469 3345; x_wconf 90' lang='lat' dir='ltr'><strong>post,</strong></span> <span class='ocrx_word' id='word_1_269' title='bbox 490 3288 576 3344; x_wconf 90' lang='lat' dir='ltr'><strong>quam</strong></span> <span class='ocrx_word' id='word_1_270' title='bbox 596 3273 758 3331; x_wconf 88' lang='lat' dir='ltr'><strong>Marcellus</strong></span> <span class='ocrx_word' id='word_1_271' title='bbox 785 3274 887 3331; x_wconf 89' lang='lat' dir='ltr'><strong>consul</strong></span> <span class='ocrx_word' id='word_1_272' title='bbox 916 3275 1062 3333; x_wconf 90' lang='lat' dir='ltr'><strong>arbitratu</strong></span> <span class='ocrx_word' id='word_1_273' title='bbox 1090 3291 1142 3333; x_wconf 93' lang='lat' dir='ltr'><strong>suo</strong></span> <span class='ocrx_word' id='word_1_274' title='bbox 1171 3275 1313 3348; x_wconf 91' lang='lat' dir='ltr'><strong>Pompeio</strong></span> <span class='ocrx_word' id='word_1_275' title='bbox 1342 3294 1502 3339; x_wconf 88' lang='lat' dir='ltr'><strong>sommum</strong></span> 
     </span>
     <span class='ocr_line' id='line_1_29' title="bbox 310 3381 1503 3460; baseline 0.005 -23"><span class='ocrx_word' id='word_1_276' title='bbox 310 3381 467 3452; x_wconf 91' lang='lat' dir='ltr'><strong>imperium</strong></span> <span class='ocrx_word' id='word_1_277' title='bbox 487 3381 678 3438; x_wconf 87' lang='lat' dir='ltr'><strong>maudaverat</strong></span> <span class='ocrx_word' id='word_1_278' title='bbox 688 3397 811 3453; x_wconf 89' lang='lat' dir='ltr'><strong>eumque</strong></span> <span class='ocrx_word' id='word_1_279' title='bbox 830 3387 934 3439; x_wconf 88' lang='lat' dir='ltr'><strong>contra</strong></span> <span class='ocrx_word' id='word_1_280' title='bbox 949 3382 1108 3441; x_wconf 89' lang='lat' dir='ltr'><strong>Caesarem</strong></span> <span class='ocrx_word' id='word_1_281' title='bbox 1123 3382 1166 3439; x_wconf 89' lang='lat' dir='ltr'><strong>ire</strong></span> <span class='ocrx_word' id='word_1_282' title='bbox 1182 3388 1212 3439; x_wconf 90' lang='lat' dir='ltr'><strong>ot</strong></span> <span class='ocrx_word' id='word_1_283' title='bbox 1226 3399 1280 3454; x_wconf 88' lang='lat' dir='ltr'><strong>pro</strong></span> <span class='ocrx_word' id='word_1_284' title='bbox 1295 3387 1395 3456; x_wconf 86' lang='lat' dir='ltr'><strong>patria</strong></span> <span class='ocrx_word' id='word_1_285' title='bbox 1412 3402 1503 3460; x_wconf 83' lang='lat' dir='ltr'><strong>pug-</strong></span> 
     </span>
     <span class='ocr_line' id='line_1_30' title="bbox 311 3489 1501 3564; baseline 0.007 -17"><span class='ocrx_word' id='word_1_286' title='bbox 311 3505 382 3547; x_wconf 85' lang='lat' dir='ltr'><strong>nare</strong></span> <span class='ocrx_word' id='word_1_287' title='bbox 401 3489 538 3559; x_wconf 86' lang='lat' dir='ltr'><strong>iusserat,</strong></span> <span class='ocrx_word' id='word_1_288' title='bbox 559 3489 618 3547; x_wconf 89' lang='lat' dir='ltr'><strong>iam</strong></span> <span class='ocrx_word' id='word_1_289' title='bbox 647 3489 703 3547; x_wconf 92' lang='lat' dir='ltr'><strong>sibi</strong></span> <span class='ocrx_word' id='word_1_290' title='bbox 731 3489 789 3562; x_wconf 91' lang='lat' dir='ltr'><strong>ipsi</strong></span> <span class='ocrx_word' id='word_1_291' title='bbox 817 3496 950 3549; x_wconf 91' lang='lat' dir='ltr'><strong>metucns</strong></span> <span class='ocrx_word' id='word_1_292' title='bbox 979 3491 1174 3564; x_wconf 81' lang='lat' dir='ltr'><strong>dignitatique</strong></span> <span class='ocrx_word' id='word_1_293' title='bbox 1199 3492 1336 3551; x_wconf 80' lang='lat' dir='ltr'><strong>Caesaris</strong></span> <span class='ocrx_word' id='word_1_294' title='bbox 1356 3494 1501 3564; x_wconf 90' lang='lat' dir='ltr'><strong>amplius</strong></span> 
     </span>
     <span class='ocr_line' id='line_1_31' title="bbox 310 3596 1501 3671; baseline 0.006 -17"><span class='ocrx_word' id='word_1_295' title='bbox 310 3598 423 3655; x_wconf 87' lang='lat' dir='ltr'><strong>servire</strong></span> <span class='ocrx_word' id='word_1_296' title='bbox 442 3613 473 3654; x_wconf 92' lang='lat' dir='ltr'><strong>se</strong></span> <span class='ocrx_word' id='word_1_297' title='bbox 492 3613 580 3669; x_wconf 91' lang='lat' dir='ltr'><strong>posse</strong></span> <span class='ocrx_word' id='word_1_298' title='bbox 599 3596 760 3669; x_wconf 86' lang='lat' dir='ltr'><strong>desperans</strong></span> <span class='ocrx_word' id='word_1_299' title='bbox 779 3598 945 3657; x_wconf 88' lang='lat' dir='ltr'><strong>tribunatus</strong></span> <span class='ocrx_word' id='word_1_300' title='bbox 964 3601 1009 3656; x_wconf 88' lang='lat' dir='ltr'><strong>sui</strong></span> <span class='ocrx_word' id='word_1_301' title='bbox 1028 3607 1163 3671; x_wconf 88' lang='lat' dir='ltr'><strong>tempore</strong></span> <span class='ocrx_word' id='word_1_302' title='bbox 1192 3603 1233 3671; x_wconf 87' lang='lat' dir='ltr'><strong>(a.</strong></span> <span class='ocrx_word' id='word_1_303' title='bbox 1250 3599 1279 3656; x_wconf 88' lang='lat' dir='ltr'><strong>d.</strong></span> <span class='ocrx_word' id='word_1_304' title='bbox 1296 3600 1322 3656; x_wconf 85' lang='lat' dir='ltr'>V</span> <span class='ocrx_word' id='word_1_305' title='bbox 1342 3600 1410 3657; x_wconf 90' lang='lat' dir='ltr'><strong>Idus</strong></span> <span class='ocrx_word' id='word_1_306' title='bbox 1429 3603 1501 3661; x_wconf 89' lang='lat' dir='ltr'><strong>De·</strong></span> 
     </span>
     <span class='ocr_line' id='line_1_32' title="bbox 311 3699 1499 3779; baseline 0.005 -18"><span class='ocrx_word' id='word_1_307' title='bbox 311 3704 443 3761; x_wconf 86' lang='lat' dir='ltr'><strong>cembres</strong></span> <span class='ocrx_word' id='word_1_308' title='bbox 463 3704 531 3761; x_wconf 88' lang='lat' dir='ltr'><strong>anni</strong></span> <span class='ocrx_word' id='word_1_309' title='bbox 550 3721 576 3761; x_wconf 88' lang='lat' dir='ltr'><strong>a.</strong></span> <span class='ocrx_word' id='word_1_310' title='bbox 598 3720 628 3761; x_wconf 89' lang='lat' dir='ltr'><strong>u.</strong></span> <span class='ocrx_word' id='word_1_311' title='bbox 649 3721 675 3761; x_wconf 89' lang='lat' dir='ltr'><strong>c.</strong></span> <span class='ocrx_word' id='word_1_312' title='bbox 690 3699 763 3774; x_wconf 68' lang='lat'>704)</span> <span class='ocrx_word' id='word_1_313' title='bbox 782 3710 886 3761; x_wconf 87' lang='lat' dir='ltr'><strong>exacto</strong></span> <span class='ocrx_word' id='word_1_314' title='bbox 901 3722 937 3762; x_wconf 81' lang='lat' dir='ltr'><strong>ex</strong></span> <span class='ocrx_word' id='word_1_315' title='bbox 952 3706 1025 3762; x_wconf 88' lang='lat' dir='ltr'><strong>urbe</strong></span> <span class='ocrx_word' id='word_1_316' title='bbox 1040 3723 1173 3779; x_wconf 80' lang='lat' dir='ltr'><strong>egressus</strong></span> <span class='ocrx_word' id='word_1_317' title='bbox 1188 3711 1263 3775; x_wconf 87' lang='lat' dir='ltr'><strong>erat,</strong></span> <span class='ocrx_word' id='word_1_318' title='bbox 1279 3706 1383 3764; x_wconf 90' lang='lat' dir='ltr'><strong>ducem</strong></span> <span class='ocrx_word' id='word_1_319' title='bbox 1398 3725 1499 3767; x_wconf 92' lang='lat' dir='ltr'><strong>suum</strong></span> 
     </span>
     <span class='ocr_line' id='line_1_33' title="bbox 310 3812 1499 3886; baseline 0.008 -18"><span class='ocrx_word' id='word_1_320' title='bbox 310 3812 447 3869; x_wconf 88' lang='lat' dir='ltr'><strong>convenit</strong></span> <span class='ocrx_word' id='word_1_321' title='bbox 465 3812 596 3880; x_wconf 85' lang='lat' dir='ltr'><strong>(circiter</strong></span> <span class='ocrx_word' id='word_1_322' title='bbox 615 3813 711 3870; x_wconf 89' lang='lat' dir='ltr'><strong>medio</strong></span> <span class='ocrx_word' id='word_1_323' title='bbox 730 3812 998 3870; x_wconf 84' lang='lat' dir='ltr'><strong>Decembri-cfr.</strong></span> <span class='ocrx_word' id='word_1_324' title='bbox 1022 3815 1097 3886; x_wconf 85' lang='lat' dir='ltr'><strong>App.</strong></span> <span class='ocrx_word' id='word_1_325' title='bbox 1121 3815 1160 3882; x_wconf 92' lang='grc' dir='ltr'><strong>ΙΙ,</strong></span> <span class='ocrx_word' id='word_1_326' title='bbox 1181 3817 1213 3872; x_wconf 82' lang='grc'><strong>31</strong></span> <span class='ocrx_word' id='word_1_327' title='bbox 1244 3818 1320 3870; x_wconf 82' lang='lat' dir='ltr'><strong>extr.</strong></span> <span class='ocrx_word' id='word_1_328' title='bbox 1341 3831 1395 3872; x_wconf 89' lang='lat' dir='ltr'><strong>nec</strong></span> <span class='ocrx_word' id='word_1_329' title='bbox 1425 3834 1499 3877; x_wconf 89' lang='lat' dir='ltr'><strong>non</strong></span> 
     </span>
     <span class='ocr_line' id='line_1_34' title="bbox 309 3896 1498 3996; baseline 0.006 -20"><span class='ocrx_word' id='word_1_330' title='bbox 309 3935 356 3991; x_wconf 83' lang='lat' dir='ltr'><strong>ea,</strong></span> <span class='ocrx_word' id='word_1_331' title='bbox 377 3935 452 3990; x_wconf 88' lang='lat' dir='ltr'><strong>quae</strong></span> <span class='ocrx_word' id='word_1_332' title='bbox 471 3917 550 3977; x_wconf 82' lang='lat' dir='ltr'><strong>infra</strong></span> <span class='ocrx_word' id='word_1_333' title='bbox 567 3923 652 3990; x_wconf 84' lang='lat' dir='ltr'><strong>(uota</strong></span> <span class='ocrx_word' id='word_1_334' title='bbox 671 3923 717 3991; x_wconf 81' lang='grc'><strong>34)</strong></span> <span class='ocrx_word' id='word_1_335' title='bbox 736 3896 880 3989; x_wconf 86' lang='lat' dir='ltr'><strong>dicemus)</strong></span> <span class='ocrx_word' id='word_1_336' title='bbox 899 3936 1022 3991; x_wconf 88' lang='lat' dir='ltr'><strong>eumque</strong></span> <span class='ocrx_word' id='word_1_337' title='bbox 1051 3921 1224 3992; x_wconf 83' lang='lat' dir='ltr'><strong>depoposcit</strong></span> <span class='ocrx_word' id='word_1_338' title='bbox 1251 3921 1498 3996; x_wconf 87' lang='lat' dir='ltr'><strong>cohortatusque</strong></span> 
     </span>
     <span class='ocr_line' id='line_1_35' title="bbox 310 4025 1497 4099; baseline 0.007 -16"><span class='ocrx_word' id='word_1_339' title='bbox 310 4031 364 4097; x_wconf 88' lang='lat' dir='ltr'><strong>est,</strong></span> <span class='ocrx_word' id='word_1_340' title='bbox 385 4042 421 4083; x_wconf 90' lang='lat' dir='ltr'><strong>ue</strong></span> <span class='ocrx_word' id='word_1_341' title='bbox 440 4025 552 4084; x_wconf 80' lang='lat' dir='ltr'><strong>diutins</strong></span> <span class='ocrx_word' id='word_1_342' title='bbox 571 4032 769 4095; x_wconf 86' lang='lat' dir='ltr'><strong>cunctaretur,</strong></span> <span class='ocrx_word' id='word_1_343' title='bbox 790 4027 842 4085; x_wconf 86' lang='lat' dir='ltr'><strong>sed</strong></span> <span class='ocrx_word' id='word_1_344' title='bbox 861 4029 1007 4099; x_wconf 87' lang='lat' dir='ltr'><strong>extemplo</strong></span> <span class='ocrx_word' id='word_1_345' title='bbox 1031 4033 1118 4098; x_wconf 89' lang='lat' dir='ltr'><strong>atque</strong></span> <span class='ocrx_word' id='word_1_346' title='bbox 1139 4028 1318 4099; x_wconf 92' lang='lat' dir='ltr'><strong>improvisus</strong></span> <span class='ocrx_word' id='word_1_347' title='bbox 1346 4029 1497 4090; x_wconf 89' lang='lat' dir='ltr'><strong>inimicos</strong></span> 
     </span>
    </p>
   </div>
   <div class='ocr_carea' id='block_1_6' title="bbox 0 0 1602 4634">
    <p class='ocr_par' dir='ltr' id='par_1_6' title="bbox 0 0 1602 4634">
     <span class='ocr_line' id='line_1_36' title="bbox 0 0 1602 4634; baseline 0 0"><span class='ocrx_word' id='word_1_348' title='bbox 0 0 1602 4634; x_wconf 95' lang='lat' dir='ltr'><strong> </strong></span> 
     </span>
    </p>
   </div>
  </div>
 </body>
</html>
