3196 4634
617 188 844 297 -ar-·

147 383 192 437 aut
211 383 336 458 cuperet
361 382 419 440 aut
443 382 647 459 speraret—
664 395 777 441 omnes
803 380 891 441 enim
916 378 1188 442 adversariorum
1214 398 1286 442 suo·

146 502 204 543 rum
224 502 332 546 sensus
353 485 500 565 cognitos
520 484 667 547 habebat
685 490 874 568 quantaque
894 491 1006 557 essent
1025 506 1139 549 eorum
1160 485 1285 569 odium,

145 587 260 671 invidia,
276 591 500 653 inconstantia
523 591 868 672 perspexerat—sed
892 595 971 675 quia
997 598 1029 655 et
1053 612 1108 656 eos
1132 592 1287 673 decipere
1346 604 1354 608 “

146 685 175 755 ac
194 695 364 776 producere
393 705 427 760 et
451 716 486 759 se
510 696 632 777 populo
662 699 810 763 Romano
842 700 935 779 pacis
961 699 1227 761 amantissimum
1256 705 1288 762 et

144 804 172 860 ut
187 803 400 865 acerbissimis
420 802 552 864 iniuriis
573 803 728 865 affectum
743 804 792 865 ita
810 803 1139 885 indulgentissimum
1159 805 1286 886 patien-

145 907 347 992 tissimumque
368 909 478 973 videri
497 910 643 974 volebat.
670 911 787 993 Itaque
811 930 871 992 per
890 913 1138 975 simulationem
1159 920 1287 975 tantum

144 1020 262 1077 exeunte
284 1036 398 1079 mense
422 1017 602 1079 Decembri
630 1018 691 1098 per
715 1014 893 1081 Curionem
918 1019 1050 1081 litteras
1075 1039 1150 1082 curn
1179 1024 1286 1082 extre-

145 1121 191 1182 mis
205 1122 448 1186 condicionibus
464 1125 533 1186 suis
550 1122 593 1186 ad
608 1130 761 1186 senatum
777 1125 880 1188 misit.
908 1124 1036 1207 Quibus
1049 1116 1237 1208 'repudiatis
1247 1162 1285 1171 -

147 1225 170 1286 id
187 1229 266 1309 quod
285 1231 353 1292 iam
375 1250 407 1292 a.
430 1229 463 1293 d.
486 1230 533 1291 lV
555 1230 668 1293 Nonas
689 1231 864 1294 Ianuarias
884 1231 1056 1296 decretum
1082 1233 1288 1295 est-aleam

147 1331 243 1396 iactam
266 1340 364 1418 atque
389 1335 524 1399 tandem
548 1337 582 1398 in
608 1342 759 1418 apertum
783 1338 1053 1402 discrimen‘sibi
1078 1338 1287 1402 evadendum

80 1520 83 1528 ,
147 1454 197 1502 esse
219 1443 399 1505 arbitratus
423 1440 551 1506 Caesar
575 1462 616 1506 ne
641 1464 743 1505 unum
768 1443 901 1525 quidem
925 1443 1013 1507 diem
1037 1450 1111 1527 post
1135 1447 1287 1507 nuntium

146 1552 293 1628 acceptum
316 1550 539 1613 intermittere
564 1549 689 1630 debuit,
716 1551 795 1632 quin
816 1551 948 1612 initium
969 1553 1095 1614 faceret
1119 1571 1287 1614 armorum

144 1647 391 1737 Rubiconemque
416 1660 646 1737 transgressus
671 1657 705 1717 in
728 1656 849 1719 Italiae
873 1657 953 1719 fines
976 1656 1165 1719 invaderet.
1193 1655 1288 1738 Quod

143 1758 173 1820 ab
193 1779 225 1824 eo
248 1764 382 1826 circiter
406 1784 437 1826 a.
465 1764 498 1826 d.
525 1764 590 1825 VII
614 1763 693 1825 Idus
717 1764 893 1826 Ianuarias
919 1767 1043 1827 factum
1067 1784 1153 1847 esse,
1184 1785 1225 1827 ex
1248 1783 1288 1827 eo

143 1866 273 1952 efficitur,
299 1870 387 1952 quod
412 1872 538 1934 tribuni
561 1871 670 1953 plebis
695 1868 833 1934 Caesari
853 1873 966 1955 amici,
992 1891 1065 1934 cum
1086 1873 1150 1953 ipsi
1173 1873 1208 1932 in
1232 1890 1287 1951 pe·

141 1971 222 2037 riculo
244 1976 433 2064 imminenti
452 1997 553 2060 quam
572 1976 760 2039 diutissime
781 1976 1053 2041 adversariorum
1072 1976 1285 2059 decipiendo·

143 2096 195 2141 rum
217 2102 318 2145 causa
341 2084 376 2145 in
400 2084 481 2147 urbe
505 2102 679 2146 remanere
703 2084 839 2166 vellent,
861 2104 926 2147 non
950 2085 1028 2146 ilico
1052 2084 1149 2146 illum
1173 2084 1214 2146 de
1238 2101 1287 2145 re·

147 2182 184 2247 bus
201 2189 328 2253 Romae
352 2192 434 2253 actis
458 2191 636 2253 certiorem
656 2192 768 2253 facere
787 2189 1032 2273 potueruntll).
1060 2192 1164 2254 Nulla
1187 2190 1288 2270 igitur

143 2296 206 2358 ratio
228 2302 290 2381 est,
312 2318 388 2361 mea
410 2298 545 2381 quidem
566 2299 743 2381 sententia,
770 2298 880 2362 dicere
903 2300 1111 2362 tribunorum
1131 2300 1209 2379 iugc
1232 2297 1286 2360 de·

141 2417 209 2466 mum
231 2404 370 2470 Caesari
394 2405 640 2488 suppeditatum
666 2425 738 2469 esse
763 2426 899 2469 causam
923 2407 1015 2470 belli.
1041 2408 1094 2468 An
1118 2406 1177 2468 ille
1201 2425 1286 2467 sum·

140 2523 194 2570 crus
215 2512 341 2575 arbiter
363 2514 562 2576 constitutus
586 2518 671 2595 erat,
693 2513 751 2593 qui
770 2518 887 2575 contra
906 2513 1111 2595 reipublicae
1132 2513 1287 2574 maiesta-

137 2616 188 2677 tem
207 2638 384 2700 paucorum
409 2621 616 2683 tribunorum
639 2624 818 2701 patronum
842 2638 878 2682 se
896 2620 1058 2701 praebere
1083 2636 1206 2697 eosque
1232 2616 1286 2681 de-

64 2726 65 2757 i
138 2719 268 2789 tensurus
294 2733 396 2790 totam
426 2728 598 2789 civitatem
628 2727 731 2789 armis
755 2731 908 2788 evertere
936 2729 1062 2807 posset?
1090 2725 1226 2787 Scilicet
1253 2725 1286 2786 in

135 2835 366 2897 commentariis
392 2834 461 2896 suis
481 2830 608 2896 Caesar
631 2850 696 2895 non
715 2832 840 2896 desinit
863 2833 1002 2914 gloriari
1021 2851 1056 2895 se
1076 2836 1205 2894 tantum
1230 2831 1285 2893 tri-

137 2932 276 3001 bunorum
304 2941 584 3004 restituendorum
609 2959 711 3001 causa
739 2939 864 3002 bellum
888 2939 1083 3020 suscepisse.
1122 2939 1223 3018 Atqui
1247 2936 1287 2999 de

64 3052 65 3065 ¹
136 3054 167 3101 eo
187 3043 253 3124 ipso
267 3046 556 3128 reprehendendus
573 3051 622 3109 est
646 3046 804 3128 scriptor,
825 3046 912 3127 quod
931 3047 966 3107 in
985 3045 1180 3128 exponendo
1199 3044 1287 3107 bello

136 3146 213 3212 civili
235 3172 351 3234 parum
375 3155 529 3217 veritatis
555 3155 687 3216 ratione
712 3154 831 3216 habita
854 3153 890 3215 id
914 3174 1018 3215 unum
1043 3153 1123 3234 egit,
1148 3159 1185 3213 ut
1209 3171 1287 3213 suas

136 3269 178 3316 res
199 3267 304 3338 gestas
330 3280 429 3350 quam
454 3260 710 3341 diligentissime
733 3261 902 3322 coloraret
924 3260 1175 3341 legentibusque
1199 3276 1286 3320 com-

63 3398 65 3405 ,
137 3367 300 3452 mandaret,
326 3368 367 3431 de
383 3368 529 3430 inimicis
555 3369 624 3430 suis
639 3368 725 3429 nihil
740 3367 934 3448 loqueretur
948 3366 1025 3447 nisi,
1048 3364 1135 3447 quod
1148 3365 1287 3446 sequius

137 3477 217 3535 esset.
242 3479 309 3557 Quo
335 3475 445 3538 studio
468 3481 652 3558 commotus
676 3471 803 3538 Caesar
828 3473 1003 3535 historia-m
1030 3477 1213 3554 temporum
1234 3491 1286 3533 su·

138 3589 214 3639 orum
236 3581 316 3645 adeo
340 3580 551 3663 depravavit,
584 3584 620 3641 ut
647 3600 722 3642 cum
752 3578 905 3660 plerique
933 3583 1121 3641 ceterorum
1149 3578 1286 3658 scripto·

103 3880 105 3887 Ι
163 3805 192 3872 ³⁸)
210 3807 296 3878 Quam
314 3824 379 3865 rem
398 3807 462 3879 ipse
482 3807 602 3875 Caesar,
623 3807 679 3863 etsi
698 3806 728 3862 in
749 3804 843 3861 maius
864 3804 989 3875 extollit,
1006 3804 1053 3861 his
1071 3811 1169 3862 tamen
1188 3804 1287 3862 verbis

136 3906 206 3975 Plane
231 3915 390 3988 significat:
430 3930 500 3985 „nec
534 3913 657 3972 docendi
687 3913 824 3972 Caesaris
861 3911 1036 3985 propinquis
1065 3913 1128 3969 eius
1161 3911 1286 3981 spatium

137 4010 222 4076 catur
241 4024 275 4092 u,
295 4028 322 4092 a,
344 4027 381 4094 ι).
