3196 4634
785 208 937 267 ,6.-

280 349 439 411 historias
454 349 654 431 inspexisse,
672 349 731 412 sed
750 355 925 432 utrumque
941 367 1054 411 eorum
1074 349 1109 411 in
1125 349 1344 414 describendo
1366 351 1465 414 bello

282 456 376 518 civili
402 455 543 519 alicuius
572 453 697 519 Graeci
725 455 839 519 libello
868 475 964 517 usum
993 474 1077 537 csse,
1110 457 1188 541 „qui
1217 458 1303 519 hanc
1332 458 1465 520 saltem

280 566 411 643 partem
435 562 653 624 historiarum
678 562 786 625 Asinii
810 563 959 626 breviter
984 560 1257 643 contraxerit!“⁷]

328 667 420 750 Quae
445 670 610 732 sententia
630 670 693 732 etsi
716 671 827 750 prima
847 670 958 750 specie
981 669 1083 732 valde
1102 671 1285 751 probabilis
1305 670 1462 751 videtur,

281 780 392 839 tamen
412 775 603 857 diligentius
629 777 821 841 examinata
840 777 946 838 multa
964 796 1041 839 mea
1065 776 1198 858 quidem
1222 777 1381 858 opinione
1398 779 1462 839 ha-

280 884 349 962 bet,
375 884 408 944 in
434 884 551 963 quihus
576 884 792 945 vehementer
817 883 1035 946 offendamus.
1524 874 1525 879 ’

325 989 376 1052 Ac
399 990 544 1071 primum
565 988 697 1069 quidem
720 988 867 1052 Thouret
883 989 1082 1071 admiratus,
1104 994 1249 1070 quantae
1269 991 1357 1053 inter
1378 991 1463 1052 Plu·

281 1098 435 1159 tarchum
459 1101 492 1159 et
516 1097 709 1178 Appianum
731 1097 940 1159 intercedant
964 1096 1201 1160 similitudines
1225 1101 1274 1179 (p.
1293 1098 1391 1177 341),
1421 1118 1464 1161 ex

282 1223 331 1284 eo,
358 1203 445 1285 quod
468 1209 606 1283 uterquc
630 1203 746 1265 codem
770 1204 843 1266 loco
867 1203 922 1283 (de
947 1223 1084 1266 numero
1107 1204 1252 1266 militum
1276 1182 1461 1286 Pompeia-

281 1331 400 1373 norum
414 1313 449 1373 in
464 1330 578 1391 pugna
592 1311 794 1374 Pharsalica
807 1312 996 1374 occisorum
1009 1313 1115 1374 verba
1130 1313 1275 1391 faciens)
1296 1313 1460 1375 Asinium
1480 1294 1485 1309 Χ

280 1418 477 1503 Pollionem
493 1422 611 1480 testem
630 1416 767 1501 indicet,
794 1419 882 1483 effici
906 1418 999 1501 dicit,
1026 1419 1066 1481 ab
1083 1425 1200 1481 neutro
1224 1421 1324 1481 huius
1348 1421 1462 1482 histo-

281 1526 350 1586 rias
375 1526 542 1605 inspectas
568 1543 653 1605 esse,
680 1524 796 1587 sedin
820 1525 993 1604 utriusque
1012 1526 1099 1588 fonte
1123 1525 1227 1588 luisse
1251 1525 1338 1587 illud
1363 1528 1461 1589 testi-

281 1630 429 1693 monium
452 1633 500 1711 (p.
527 1630 730 1710 333-334).

328 1736 392 1799 Sed
415 1756 639 1818 proponamus
664 1739 726 1801 illa
750 1739 901 1820 Appiani
925 1743 958 1801 et
981 1740 1155 1825 Plutarchi
1179 1741 1295 1803 verba:

301 1877 443 1944 Appianas
463 1878 514 1944 (II,
535 1881 569 1931 82
589 1877 632 1930 ed.
652 1878 685 1932 L.
707 1879 871 1947 Mendelss.)
979 1878 1146 1932 Plutarchus
1164 1880 1270 1948 (Pomp.
1293 1884 1348 1948 72):

285 1966 365 2030 ...ἐκ
388 1962 426 2030 δέ
445 1971 514 2032 τῶν
534 1963 713 2051 Πομπηίου
732 1970 885 2061 βουλον-ξ

280 2069 334 2136 ταὶ
369 2068 430 2156 μὲν
470 2068 552 2137 δέκα
593 2069 792 2156 [υἰπέθανον]
799 2125 866 2154 .....

279 2177 396 2246 τῶνδέ
411 2175 625 2262 καλουμένων
640 2178 770 2247 ἱππέων
785 2178 868 2265 αμφὶ

881 2262 883 2271 r

280 2284 524 2372 τεσσαράκοντα
537 2293 607 2352 τῶν
626 2287 811 2369 ἐπιφανῶν·
830 2289 868 2352 ἐκ

280 2392 318 2460 δέ
341 2403 401 2480 τῆς
428 2392 526 2477 cilios
554 2400 706 2477 στρατιᾶς
734 2393 772 2458 οἱ
798 2391 883 2490 μένΙ

256 2497 515 2586 ’ἐπαίροντές
549 2516 644 2583 φασι
676 2494 883 2605 δισμυρίουςὶ

281 2607 335 2673 ἐπὶ
373 2606 659 2691 πενπακισχιλιόις,
699 2601 867 2682 Ἀσίνιος
880 2601 1010 2757 ρ”Εφυγε
1028 2605 1066 2674 δὲ
1081 2604 1137 2672 καὶ
1155 2603 1196 2671 τὰ
1216 2605 1314 2672 λοιπὰ
1333 2605 1462 2693 παίγμα-

281 2712 324 2780 dd
350 2712 545 2795 Πολλίων,
565 2713 630 2780 ὑπὸ
649 2712 791 2800 Καίσαρι
809 2723 868 2801 τῆς
895 2739 948 2796 τα,
973 2714 1029 2780 καὶ
1057 2712 1162 2797 φόνος
1185 2713 1223 2780 ἐν
1249 2718 1299 2804 τῷ
1319 2730 1463 2800 στρατο-

280 2821 384 2908 μσέχης
408 2819 535 2906 ἐκείνης
564 2829 768 2906 στρατηγῶν,
795 2820 866 2904 ἐξα·
895 2820 991 2911 πέδῳ
1014 2817 1116 2897 πολὺς
1135 2818 1266 2904 ἐγένετο
1291 2836 1461 2906 σκηνοφυ-

280 2928 459 3025 κισχιλιόυς
474 2925 656 3013 οἷναγριέφει
669 2924 805 3014 νεκροὺς
816 2927 867 2995 εὖ·
895 2926 1008 2994 iduato
1029 2925 1085 2992 καὶ
1099 2925 1332 3014 θεραπόντων·
1360 2945 1460 3016 στρα-

282 3046 422 3124 ρεθῆναι
445 3043 515 3102 τῶν
539 3033 730 3122 Πομπηίου.
850 3089 853 3097 ι
894 3033 1016 3109 τιώτας
1029 3031 1067 3100 δέ
1082 3033 1203 3119 μόνους
1219 3032 1459 3119 ἑξακισχιλίους

329 3147 331 3150 ⁴
895 3152 1007 3209 πεσεῖν
1030 3157 1131 3227 φησιν
1149 3135 1311 3216 Ἀσίννιος
1335 3141 1458 3209 Πολλί-

897 3273 957 3330 ov,
982 3245 1208 3335 μεμαχημένος
1237 3247 1366 3335 ἐκείνην
1394 3247 1457 3336 τὴν

894 3352 1002 3440 μα’χην
1024 3352 1104 3440 μετὰ
1131 3352 1309 3440 Καίσαρος.

316 3573 342 3640 ⁷)
362 3570 397 3627 In
417 3568 538 3627 eandem
566 3568 628 3626 iere
657 3566 833 3625 sententiam
861 3567 991 3638 disputat
1019 3567 1121 3640 Unger
1146 3568 1177 3623 in
1198 3567 1291 3640 „Phil
1312 3568 1452 3639 Anzeig.“

282 3676 474 3747 (1876tV11,
502 3694 531 3748 p.
563 3673 851 3734 129.—Lud0vicus
875 3673 1083 3731 Mendelssohn
1113 3674 1149 3731 ad
1173 3666 1252 3745 A'pp.
1273 3673 1311 3742 ΙΙ,
1331 3676 1368 3731 40
1386 3677 1453 3744 (quo

283 3782 348 3839 loco
369 3781 405 3839 de
425 3781 520 3838 Asinii
547 3781 691 3839 Pollionis
718 3781 749 3836 in
778 3779 908 3837 Siciliam
932 3778 1120 3852 expeditione
1148 3781 1314 3849 narratum:
1346 3777 1453 3849 „ipsam

283 3904 356 3959 rem,
376 3887 482 3959 inquit,
508 3886 663 3944 admodum
692 3885 809 3957 quidem
837 3901 902 3942 cam
929 3885 1125 3957 probabilem,
1155 3884 1308 3957 Appianus
1328 3889 1357 3941 et
1375 3884 1451 3968 Plut.

286 3995 350 4054 Cat.
372 3997 406 4052 53
433 3992 640 4064 exscriptore
672 3992 770 4062 aliquo
799 3991 926 4060 Gracco,
955 3993 1004 4062 qui
1031 3992 1125 4062 ipsius
1153 3990 1249 4047 Asinii
1278 3993 1453 4048 commenta·
