3196 4634
839 181 1010 243 ,53-

333 324 426 404 sequi
451 324 562 402 iussit3
589 342 672 403 quos
696 328 814 405 postea
836 325 982 387 monitus
1008 324 1049 386 ab
1074 324 1157 405 suis,
1188 323 1276 405 qnod
1300 342 1340 386 ea
1363 341 1412 385 res
1433 342 1491 384 orn·

332 431 424 492 nium
461 429 588 492 iudicio
625 429 945 512 reprehendebatur,
985 430 1111 491 circum
1145 429 1292 492 familias
1326 436 1494 491 conventus

233 559 244 578 ·
331 534 538 617 Campaniae
562 536 731 600 custodiae
754 556 857 599 causa
881 535 1084 600 distribuitst.
1112 537 1160 599 Ac
1181 556 1222 600 ne
1243 538 1317 617 quis
1343 536 1421 598 mihi
1442 554 1493 616 op-

331 652 437 725 ponat
461 642 653 725 Caesarem,
680 646 734 707 cui
758 647 903 708 certiora
925 664 991 707 non
1016 650 1129 721 essent
1152 645 1269 726 allata,
1296 643 1372 707 illos
1395 661 1494 704 rumo-

331 769 385 814 res
409 751 620 814 subsecutum
642 770 728 833 esse,
752 771 835 832 quos
856 750 975 814 dehac
993 771 1027 814 re
1047 750 1228 832 dissipatos
1254 769 1327 813 esse
1353 769 1424 812 curu
1440 767 1496 830 per

330 875 365 920 se
389 859 574 920 verisimile
595 859 639 920 sit
658 864 727 920 tum
748 859 882 939 abipso
906 855 1067 921 Cicerone
1080 854 1119 939 ⁵³)
1145 858 1363 938 significetur:
1391 876 1428 919 ea
1445 874 1496 917 ex·
1557 922 1558 925 Ἴ

328 965 458 1027 cusatio
482 964 575 1026 nulla
599 971 648 1028 est
672 984 776 1045 eoque
802 966 909 1027 minus
934 967 1048 1028 valere
1071 969 1193 1046 potest,
1222 964 1308 1045 quod
1332 983 1372 1027 ex
1398 963 1498 1025 altera

331 1070 474 1151 epistola
498 1067 671 1134 Ciceronis
695 1071 755 1151 (ad
778 1073 850 1135 Art.
876 1072 971 1154 VIII,
997 1073 1031 1155 2,
1057 1071 1093 1151 1)
1121 1076 1272 1153 apparet,
1299 1068 1435 1134 Caesari
1454 1068 1498 1151 ¹ab

328 1194 366 1238 eo
391 1178 505 1239 statim
529 1195 658 1240 omnem
682 1196 766 1259 rem,
792 1177 1067 1260 quemadmodum
1098 1197 1134 1240 se
1162 1178 1346 1259 habuisset,
1371 1174 1500 1258 perlit

328 1285 419 1345 teras
444 1281 562 1345 ordine
586 1288 779 1346 enarratam
808 1281 944 1364 seseli).
975 1285 1089 1367 Itaque
1114 1284 1261 1347 dubitari
1289 1302 1357 1346 non
1381 1285 1496 1364 potest,

327 1389 407 1469 quin
432 1386 558 1453 Caesar
580 1409 647 1453 non
671 1409 732 1471 per
757 1410 918 1475 errorem,
942 1392 999 1483 sed
1019 1393 1170 1455 consulto
1189 1396 1222 1454 et
1240 1393 1387 1472 cogItate
1407 1411 1426 1452 a
1444 1407 1497 1450 ve·
1557 1448 1558 1451 ,

325 1497 425 1559 ritate
450 1496 625 1560 deflexerit
653 1517 692 1560 ac
722 1497 855 1579 quidem
885 1498 928 1561 ad
957 1519 1030 1562 eam
1060 1519 1142 1580 rem,
1174 1504 1210 1561 ut
1239 1500 1278 1562 L.
1310 1498 1497 1575 Lentulum,

326 1605 382 1684 qui
406 1605 436 1666 ei
461 1606 566 1667 variis
591 1605 632 1668 de
656 1607 769 1669 causis
794 1606 1026 1669 odiosissimus
1052 1613 1137 1690 erat,
1169 1606 1312 1688 obliquis
1342 1604 1497 1667 orationi·
1557 1682 1558 1689 ἵ

325 1711 385 1773 bus
400 1717 566 1793 carperet.
593 1711 686 1793 Quae
702 1715 824 1776 fuerint
838 1715 918 1777 illae
933 1733 1067 1796 causae,
1091 1734 1156 1778 non
1176 1715 1326 1777 alienum
1352 1714 1418 1775 erit
1437 1714 1497 1773 hoc
1555 1712 1558 1777 l

323 1819 397 1881 loco
422 1838 598 1900 exponere.
627 1821 676 1883 Ac
701 1820 835 1901 quidem
856 1820 973 1885 Cicero
993 1822 1052 1900 [ad
1071 1823 1142 1885 Att.
1165 1823 1258 1905 VIII,
1276 1823 1309 1904 9,
1327 1823 1362 1903 43
1384 1820 1440 1902 11,
1466 1822 1496 1894 53

322 1923 366 1986 15
390 1927 432 2008 A,
459 1926 586 1989 2-cf.
615 1927 655 1989 ed
680 1929 786 1991 famil.
813 1929 859 2007 X,
884 1930 939 2011 32,
966 1931 1002 2009 3)
1032 1930 1136 1992 tradit
1164 1927 1342 1993 Caesarem
1366 1926 1496 2009 pericli·

325 2035 429 2093 tatum
453 2051 540 2115 esse,
576 2035 605 2095 si
637 2034 814 2097 Lentulum
848 2037 1014 2098 consulem
1048 2056 1245 2118 magnorum
1274 2035 1497 2117 praemiorum

323 2138 496 2216 promissis
522 2139 564 2201 ad
589 2160 682 2202 suam
707 2160 843 2203 causam
868 2141 1047 2222 perducere
1077 2148 1110 2206 et
1138 2160 1347 2205 commovere
1374 2142 1497 2221 posset,

322 2245 417 2305 utin
440 2246 556 2308 urbem
570 2247 707 2331 rediret,
730 2268 769 2310 eo
786 2250 926 2312 consilio
940 2250 1082 2312 Balbum
1106 2251 1268 2313 minorem
1294 2249 1335 2311 ab
1361 2267 1399 2311 eo
1423 2266 1494 2309 curn

322 2350 446 2413 liiteris
471 2354 608 2415 missum
639 2357 772 2418 occulta
794 2357 852 2418 via
880 2358 1095 2420 Brundisium
1127 2356 1348 2421 contendisse.
1381 2356 1497 2435 Neque

323 2460 433 2520 tamen
464 2456 602 2522 Caesari
632 2467 689 2523 aut
721 2462 781 2525 illo
811 2466 958 2544 tempore
976 2460 1015 2543 55)
1051 2469 1108 2526 aut
1135 2469 1253 2545 postea
1281 2463 1432 2543 contigit,
1463 2464 1496 2520 ut
1555 2472 1556 2477 ’

321 2602 532 2610 -—.——-—

355 2685 390 2752 53)
410 2685 428 2739 l.
449 2702 492 2741 u:
509 2686 562 2768 [de
581 2688 796 2759 gladiatoribus
816 2689 965 2762 Caesaris]
986 2698 1071 2763 „ante
1090 2692 1127 2749 ad
1145 2698 1176 2749 te
1195 2691 1299 2748 falsum
1320 2706 1356 2748 er
1371 2691 1409 2746 A.
1426 2690 1497 2746 Tor·

319 2800 399 2870 quati
419 2800 527 2857 litteris
543 2803 750 2874 scripseram.“

352 2911 388 2978 5ὅ)
416 2908 524 2965 Parum
553 2910 698 2968 subtiliter
721 2913 898 2984 introspexit
917 2911 1123 2985 intellexitque
1142 2911 1382 2979 commentarios,
1402 2910 1426 2966 si
1448 2913 1496 2980 qui

319 3017 477 3076 Caesarem
506 3018 615 3076 bellum
642 3027 791 3091 gerentem
821 3025 920 3081 omnia
948 3023 1026 3081 facta
1054 3024 1084 3080 in
1103 3026 1140 3083 iis
1159 3029 1239 3086 utin
1258 3016 1497 3102 ephemeridibus

316 3139 370 3195 per
389 3124 451 3182 dies
470 3125 512 3182 ita
532 3125 722 3196 descripsisse
742 3134 836 3199 putat,
857 3136 890 3187 ut
909 3146 982 3201 quae
1003 3134 1093 3190 semel
1114 3134 1144 3190 in
1163 3135 1298 3193 chartam
1313 3139 1496 3207 coniecisset,

316 3235 432 3301 postea,
463 3232 552 3289 etiam
581 3233 606 3290 si
631 3234 700 3304 quid
723 3237 832 3293 certius
852 3238 879 3294 ei
898 3237 1018 3295 allatum
1039 3246 1127 3309 esset,
1148 3244 1207 3299 iam
1225 3261 1319 3316 neque
1340 3249 1491 3320 corrigere
1550 3326 1551 3329 Ἴ

317 3340 410 3406 neque
429 3337 587 3395 emendare
606 3346 718 3411 posset.
1291 3390 1296 3405 .

351 3446 386 3509 ³⁵)
405 3444 514 3503 Nescio
534 3463 571 3503 an
590 3448 749 3520 Pompeius
769 3449 927 3508 Caesarem
946 3469 1013 3510 curu
1032 3456 1159 3514 Lentulo
1180 3458 1254 3515 clam
1279 3476 1368 3531 agere
1384 3465 1492 3521 certior
1549 3534 1550 3537 Ἴ

254 3610 256 3613 ,
321 3547 418 3609 factus
446 3553 484 3608 sit
512 3570 547 3611 ac
571 3561 732 3627 propterea
751 3555 921 3629 perfecerit,
943 3566 975 3617 ut
993 3563 1127 3620 consules
1147 3581 1234 3636 quum
1254 3567 1410 3627 celerrime
1430 3586 1492 3628 cum
1549 3600 1550 3609 κ

316 3671 421 3727 magna
448 3664 534 3729 parte
563 3662 709 3720 exercitus
742 3665 961 3735 Dyrrhachium
995 3667 1263 3739 proficiscerentur.
1297 3672 1489 3747 Προέπεμψεν

315 3761 343 3834 [ὁ
372 3763 546 3836 nuenburg
577 3766 670 3838 inquit
700 3769 818 3828 Cassius
850 3772 907 3829 Dio
936 3774 1029 3845 [XLL
1056 3779 1099 3844 12,
1122 3780 1162 3847 1]‚
1183 3775 1288 3846 ἄλλους
1306 3800 1337 3837 τε
1355 3781 1406 3839 καὶ
1426 3784 1489 3848 τοὺς
1548 3762 1549 3783 ³

314 3865 451 3939 ὑπάτους,
471 3871 509 3940 μὴ
530 3870 580 3927 καὶ
599 3872 836 3944 νεοχμώσωσί
852 3899 883 3934 τι
899 3878 975 3936 κατὰ
995 3878 1093 3954 χώραν
1117 3884 1333 3955 ὑπομείναντες.
1352 3924 1384 3934 —
1400 3894 1489 3966 Prop·
1547 3890 1548 3951 l

313 3980 397 4034 terea
425 3978 512 4035 etiam
543 3984 653 4051 potest,
679 3987 711 4039 ut
738 3984 848 4043 Balbus
877 3987 1067 4047 Brundisium
1087 3995 1263 4063 perveniens
1283 3999 1417 4057 consules
1436 4002 1488 4059 iam

1540 4472 1544 4559 l
