3196 4634
864 209 1039 269 ..4ss-

386 350 437 411 ius
467 351 581 430 fasque
611 348 853 430 occupavisset,
885 348 1055 430 praesidia
1087 353 1293 414 removeret?
1322 349 1417 432 Quod
1445 354 1536 413 autem

385 462 518 520 senatus
543 457 688 519 Romam
710 450 820 518 redir'e
844 456 963 518 voluit:
985 475 1047 537 quo
1073 457 1155 537 loco,
1182 476 1267 538 quae
1291 457 1331 520 de
1351 477 1434 539 pace
1454 457 1492 519 ad
1512 457 1537 519 id

386 565 441 645 agi
466 570 587 645 coepta
610 569 717 645 erant,
735 563 854 625 melius
879 568 992 645 atque,
1009 569 1046 625 ut
1068 564 1117 627 ita
1136 564 1258 645 dicam,
1278 566 1387 645 magis
1409 566 1537 645 legitime

386 669 504 732 confici
532 674 725 751 potuerunt,
755 647 853 750 quain
881 668 916 729 in
945 670 1039 751 urbe,
1069 670 1201 750 imperii
1226 670 1413 734 domicilio?
1441 672 1491 733 An
1514 670 1539 732 id

385 776 590 857 postulatum
615 776 656 838 ab
685 792 725 837 eo
755 774 941 856 abhorruit,
968 774 1055 856 quod
1080 775 1152 856 ipse
1181 772 1308 838 Caesar
1336 784 1539 857 proposuerat

385 883 437 944 his
463 882 575 944 verbis
600 880 642 962 (I,
676 883 709 963 9,
740 883 786 960 6);
820 886 899 965 ,aut
927 881 1014 962 ipse
1044 881 1081 961 [i.
1113 900 1144 944 e.
1174 881 1365 963 Pompeius]
1394 882 1540 963 propius

386 989 553 1052 accedat
577 993 633 1051 aut
662 1008 696 1051 se
729 990 877 1069 patiatur
907 979 1106 1051 accedere?il
1124 987 1289 1068 —Itaque
1317 987 1454 1050 dubium
1483 1006 1541 1050 esse

385 1116 449 1159 uon
473 1102 596 1178 potest,
621 1097 699 1177 quin
723 1100 851 1158 tantum
875 1095 1008 1178 afuerit,
1032 1100 1069 1156 nt
1091 1095 1290 1176 Pompeiani
1309 1095 1370 1158 illa
1389 1095 1540 1158 condicio·
1586 1164 1587 1167 Ἴ

384 1223 426 1267 ne
451 1204 521 1266 lata
545 1208 695 1284 tegerent
719 1203 853 1282 aliquod
868 1203 1023 1266 dolosum
1043 1203 1228 1284 consilium,
1246 1208 1282 1264 ut
1298 1204 1411 1266 omnia
1430 1204 1465 1265 iu
1488 1204 1540 1284 pri·
1585 1200 1587 1205 ’

386 1312 510 1373 atinum
529 1312 705 1374 restituere
725 1315 825 1390 atque
845 1311 1034 1391 exlegibus
1054 1328 1254 1391 componere
1278 1311 1416 1372 vellent.
1440 1311 1541 1374 Nonne

385 1417 458 1498 ipse
481 1415 598 1481 Cicero
621 1416 656 1478 in
681 1416 823 1496 epistola
848 1415 890 1478 ad
915 1416 1062 1478 Atticum
1081 1417 1206 1496 scripta
1229 1416 1322 1493 (VII,
1349 1415 1407 1498 15,
1432 1418 1470 1494 3)
1493 1415 1542 1477 sibi
1586 1424 1587 1431 ’

384 1542 581 1604 persuasum
601 1541 670 1585 esse
690 1522 784 1605 dicit,
802 1522 948 1602 acceptis
968 1520 1213 1584 condicionibus
1234 1541 1335 1603 reque
1360 1523 1542 1586 adconcor·

384 1631 475 1692 diam
491 1630 633 1692 adducta
648 1627 841 1711 Caesarem,
859 1648 934 1692 cum
950 1628 1063 1691 consul
1079 1630 1185 1691 factus
1202 1630 1255 1712 sit,
1278 1630 1447 1692 victurum
1472 1648 1543 1707 esse,

386 1740 418 1799 et
433 1737 560 1799 minore
576 1737 703 1799 scelere
721 1737 887 1797 victurum
913 1754 999 1809 esse,
1017 1754 1195 1815 quamquo
1220 1736 1254 1797 in
1269 1736 1402 1799 Italiam
1427 1738 1544 1799 invase·

385 1844 452 1925 rit?
468 1839 585 1924 Quid?
611 1843 695 1925 quod
719 1842 807 1905 idem
832 1845 973 1925 scriptor
998 1844 1113 1906 eodem
1140 1843 1213 1906 loco
1237 1844 1276 1906 de
1300 1845 1355 1927 iis,
1381 1863 1469 1924 quae
1496 1842 1545 1908 Ca·

384 1969 471 2032 puae
497 1955 573 2012 acta
605 1956 712 2033 crant,
748 1950 882 2013 uberius
916 1951 1045 2013 locutus
1075 1955 1243 2031 totumque
1277 1958 1429 2015 senatum
1461 1959 1546 2033 atque

386 2055 469 2119 adeo
494 2057 695 2119 obstinatum
719 2053 878 2119 Catonem
902 2058 995 2138 pacis
1019 2057 1187 2120 desiderio
1213 2058 1356 2139 flagrare
1375 2062 1543 2140 professus:

386 2181 519 2248 ,omnes
544 2164 733 2245 cupiebant,
755 2164 875 2246 inquit,
897 2161 1078 2226 Caesarem
1099 2163 1252 2226 abductis
1272 2164 1451 2246 praesidiis
1469 2175 1545 2228 stare

386 2270 635 2335 condicionibus
665 2272 721 2354 iis,
752 2291 833 2352 quas
865 2271 1006 2355 tulisset,
1037 2273 1095 2334 uni
1124 2272 1276 2335 Favonio
1307 2273 1397 2355 leges
1427 2276 1470 2339 ab
1498 2274 1544 2335 illo

385 2377 480 2441 nobis
504 2378 630 2458 imponi
655 2378 910 2460 conplacebat,
937 2378 996 2441 sed
1019 2379 1048 2440 is
1074 2376 1216 2458 laudm)
1241 2378 1373 2442 auditus
1398 2381 1433 2442 in
1454 2380 1544 2444 consi·
1585 2430 1586 2465 3

385 2484 444 2546 lio.
472 2481 554 2546 Cato
579 2465 665 2546 enim
690 2484 763 2565 ipso
786 2485 854 2546 iam
879 2486 1007 2548 servire
1036 2505 1135 2567 quam
1159 2504 1308 2567 pugnare
1331 2488 1474 2569 mavult,
1501 2483 1546 2548 sed
1585 2474 1586 2479 ἵ

386 2598 496 2653 tamen
527 2592 575 2653 ait
603 2592 637 2652 in
666 2599 782 2653 senatu
810 2611 845 2654 se
871 2591 985 2655 adesse
1009 2593 1110 2673 velle,
1136 2613 1208 2655 cum
1239 2594 1278 2656 dc
1307 2594 1546 2659 condicionibus

386 2704 516 2780 agatur,
538 2699 567 2759 si
582 2695 709 2761 Caesar
724 2697 885 2762 adductus
907 2700 964 2782 sit,
980 2705 1017 2761 ut
1030 2701 1201 2782 praesidia
1215 2700 1379 2765 deducat“
1404 2703 1464 2782 (ad
1484 2704 1545 2766 Att.

385 2806 461 2890 VH,
488 2805 545 2887 15,
570 2806 805 2884 2).-Nonno
828 2806 883 2868 hic
907 2807 942 2868 in
971 2807 1165 2889 unoquoque
1194 2809 1295 2871 verbo
1321 2814 1353 2871 et
1381 2806 1547 2872 Ciceronis

385 2920 418 2976 et
441 2917 627 2974 ceterorum
651 2913 930 2994 Pompeianorum
954 2918 1081 2976 mentes
1110 2914 1204 2995 pacis
1229 2914 1465 2995 cupidissimae
1491 2915 1548 2997 spi·

385 3040 461 3083 rare
486 3018 658 3082 videntur?
683 3019 800 3082 Nonne
829 3019 971 3082 eundem
995 3020 1099 3081 animi
1128 3038 1261 3082 sensum
1285 3020 1440 3102 idemque
1464 3023 1548 3102 inge·

384 3131 477 3191 nium
500 3127 669 3211 placabile
694 3128 904 3208 apertissime
928 3129 1119 3209 exprimunt
1147 3128 1248 3190 etiam
1273 3130 1369 3211 haec,
1397 3149 1483 3210 quaa
1507 3148 1548 3191 se·

386 3243 542 3320 quuntur,
577 3237 698 3299 verba?
724 3235 782 3319 ,In
815 3234 1094 3317 disputationibus
1129 3237 1265 3315 nostris,
1300 3238 1410 3317 inquit
1437 3234 1548 3300 Cicero

385 3346 424 3423 (l.
452 3365 481 3407 c.
508 3352 523 3421 S
548 3345 596 3425 3),
624 3362 753 3406 summa
780 3343 929 3405 varietas
956 3347 1017 3405 est:
1049 3345 1199 3429 plerique
1225 3351 1349 3425 negant
1377 3342 1548 3408 Caesarem

385 3571 586 3642 superioribus
614 3569 758 3641 capitibus
788 3585 845 3626 non
873 3573 990 3627 servato
1019 3570 1161 3642 temporis
1188 3570 1290 3628 ordine
1314 3571 1448 3643 exposita
1471 3571 1547 3626 eraut

384 3679 422 3749 (Ι,
432 3676 589 3736 e—e.-cf.
603 3677 1419 3748 1.1-14t,tumomninoGaesaremetiamindefiniendis
1434 3672 1548 3747 Pompei

385 3783 605 3842 condicionibus
624 3800 642 3840 a
660 3785 785 3841 veritate
806 3783 960 3841 deflexisse
979 3783 1130 3855 significat.

421 3894 457 3962 u)
481 3892 528 3950 Sic
556 3892 633 3948 enim
662 3907 726 3948 cum
746 3891 849 3948 codice
870 3890 1067 3950 Cratandrina
1087 3891 1123 3962 (G
1143 3892 1172 3948 in
1192 3891 1321 3951 editione
1339 3887 1545 3962 Wesenbergii,

388 4015 472 4069 quam
492 4016 609 4072 semper
627 4004 743 4058 secutus
763 4001 838 4069 sum)
857 3998 1011 4071 legendum
1032 4017 1094 4059 esse
1113 4015 1229 4059 censeo.
