3196 4634
688 287 864 347 ,69-

187 443 279 487 more
303 425 338 486 in
362 425 497 487 ltaliam
527 423 658 505 longius
683 444 881 506 progressus
906 446 980 488 cum
1009 427 1115 489 multa
1139 427 1208 489 alia
1231 426 1356 509 oppida
1414 406 1418 413 ⁵

188 537 256 592 tum
279 528 464 594 Corfinium
487 531 644 614 cepisset,
668 531 764 593 illam
789 552 881 613 spem
901 533 1052 613 proicere
1072 533 1281 614 propriisque
1307 534 1356 595 vi-

186 637 276 700 ribus
300 638 335 700 id
361 638 458 718 agere
487 644 522 699 et
544 636 657 699 moliri
678 637 840 719 debebat,
866 646 903 701 nt
926 659 1005 720 opes
1035 659 1111 702 suas
1145 641 1357 703 confirmaret

186 750 286 826 atque
332 745 541 825 provinciam
589 746 786 808 necessitate
829 751 966 826 urgente
1008 745 1185 809 defendere
1227 753 1351 827 posset.

188 850 411 933 Quamobrem
436 853 471 913 in
495 851 637 939 Lucanis
660 853 867 933 Bruttiisque
888 872 947 934 per
971 854 1099 934 legatos
1124 873 1202 916 suos
1231 854 1355 922 civium

185 958 415 1021 Romanorum
440 957 586 1021 delectus
610 959 764 1041 habebat,
791 960 825 1021 in
849 959 966 1022 Sicilia
990 978 1095 1022 naves
1120 959 1239 1041 longas
1265 964 1360 1023 vete--

185 1085 237 1128 res
262 1066 445 1149 reficiebat,
463 1086 569 1130 novas
595 1067 789 1130 civitatibus
808 1067 1011 1150 imperabat,
1029 1068 1178 1146 equitum
1192 1067 1353 1148 peditum-

185 1191 249 1252 que
273 1179 398 1236 certum
424 1192 596 1235 numerum
621 1175 661 1236 ab
686 1171 802 1234 iisdem
828 1173 995 1253 exigebat.
1022 1172 1138 1255 Neque
1159 1179 1271 1236 tamen
1296 1193 1355 1236 suo

186 1279 295 1343 studio
319 1281 460 1342 multum
480 1281 688 1362 proficiebat,
712 1300 787 1342 cum
811 1281 879 1342 iam
903 1282 939 1342 in
963 1299 1000 1343 eo
1020 1286 1119 1364 esset,
1139 1287 1175 1343 nt
1198 1283 1353 1345 cohortes

184 1386 412 1469 Domitianae,
440 1406 527 1466 quae
552 1384 737 1450 aCaesare
761 1388 910 1467 protinus
936 1407 957 1449 a
978 1384 1126 1449 Corfinio
1151 1387 1199 1467 (id
1214 1393 1264 1450 est
1279 1397 1355 1468 post

184 1494 233 1556 IX
248 1494 418 1558 Kalendas
433 1496 588 1576 Martias)
608 1495 732 1557 missae
747 1499 854 1576 erant,
872 1495 1006 1557 Siciliae
1028 1495 1258 1558 adventarent.
1284 1497 1355 1575 Quo

184 1608 328 1684 tempore
361 1604 439 1666 illae
463 1623 502 1666 eo
541 1605 758 1684 pervenerint
789 1604 853 1666 etsi
886 1622 945 1684 pro
975 1612 1065 1665 certo
1097 1604 1266 1666 affirmare
1290 1623 1354 1667 non

182 1728 371 1792 possumus,
399 1718 510 1773 tamen
539 1730 596 1773 eas
623 1730 698 1773 sero
729 1710 908 1773 admodum
941 1711 1085 1773 transire
1108 1712 1256 1791 potuisse
1286 1712 1348 1775 fre-

185 1821 254 1878 tum
286 1817 433 1880 Siculum
467 1823 563 1901 atque
597 1819 732 1881 circiter
765 1820 904 1881 ineunte
930 1818 1063 1881 demum
1096 1819 1206 1899 Aprili
1240 1838 1353 1881 mense

187 1923 230 1985 ad
252 1922 444 1987 Messanam
468 1926 608 1998 classem
639 1925 819 2008 appulisse,
850 1944 1053 1987 cumeneo
1079 1925 1232 2007 efficitur,
1265 1926 1353 2006 quod

184 2027 267 2093 Cato
291 2031 406 2112 paullo
431 2039 505 2112 post
520 2052 635 2095 earum
661 2031 840 2113 adventum
866 2051 903 2093 ao
918 2031 1052 2113 quidem
1076 2051 1107 2093 a.
1126 2031 1158 2094 d.
1185 2032 1268 2093 VIII
1282 2033 1348 2094 Ka·

185 2136 299 2200 lendas
323 2137 432 2200 Maias
457 2158 498 2201 ex
520 2141 697 2221 provincia
725 2139 847 2219 fugisse
873 2138 1029 2219 traditur,
1061 2142 1129 2199 tum
1153 2157 1193 2200 ea
1222 2135 1350 2220 docent,

182 2263 267 2325 quae
292 2264 396 2326 supra
419 2244 460 2308 de
485 2246 602 2308 Asinio
627 2246 780 2310 Pollione
804 2264 868 2307 non
893 2264 914 2307 a
938 2242 1097 2327 Corfinio,
1124 2245 1183 2307 sed
1208 2265 1228 2307 a
1251 2246 1353 2307 Brun-

182 2351 282 2435 disio,
309 2350 344 2413 id
368 2357 419 2415 est
442 2358 517 2434 post
549 2353 614 2415 XV
639 2353 810 2441 Kalendas
844 2354 977 2437 Apriles
1010 2353 1044 2414 in
1077 2352 1228 2415 Siciliam
1251 2353 1352 2414 misso

181 2461 279 2538 atque
303 2460 491 2522 cohortium
507 2460 776 2522 Domitianarum
794 2442 973 2522 'traiectum
989 2459 1178 2523 conficienti
1195 2459 1351 2522 disserui·

180 2585 263 2627 mus.
299 2567 425 2628 Earum
458 2568 560 2648 igitur
594 2566 739 2630 adventu
764 2568 895 2647 cognito
925 2563 1019 2648 Cato,
1054 2567 1252 2647 praesertim
1277 2587 1352 2629 cum

180 2673 304 2734 certior
328 2673 434 2734 factus
460 2677 549 2735 esset
581 2692 658 2736 mox
686 2673 788 2736 etiam
817 2669 994 2757 Curionem
1017 2691 1076 2752 pro
1100 2677 1253 2752 praetore
1279 2691 1352 2735 cum

180 2778 308 2865 duabus
333 2778 519 2860 legionibus
544 2798 618 2843 esse
636 2785 828 2862 venturum,
850 2798 891 2841 ex
904 2779 1027 2840 *Sicilia
1051 2777 1223 2861 decedere,
1250 2798 1351 2860 quam

179 2907 303 2968 parvas
327 2888 441 2968 copias
467 2908 542 2950 suas
569 2907 696 2950 summo
719 2887 870 2969 periculo
894 2905 1059 2967 opponere
1083 2885 1215 2948 maluit.

223 2992 294 3054 Iam
319 2993 444 3075 omnia,
465 3012 551 3074 quae
571 2993 677 3056 adhuc
697 2993 951 3075 disputavimus,
978 2992 1272 3073 complectentibus
1294 3011 1350 3054 no·

178 3099 229 3162 bis
255 3098 392 3161 dubium
416 3119 489 3162 esse
513 3120 576 3162 non
600 3104 722 3182 potest,
747 3100 826 3180 quin
850 3100 985 3161 Asinius
1009 3099 1116 3163 Pollio
1139 3100 1239 3170 tiie'rit
1261 3098 1350 3179 lega·

180 3212 230 3270 tus
253 3188 408 3270 Curionis
431 3207 573 3287 ideoque
593 3204 740 3290 Caesar,
774 3208 875 3269 etiam
905 3208 933 3269 si
961 3207 1111 3287 pluribus
1140 3206 1180 3268 de
1209 3225 1349 3287 occupa·

179 3316 266 3377 tione
290 3314 427 3377 Siciliae
450 3314 602 3397 dixisset,
630 3318 740 3376 tamen
760 3334 819 3378 suo
838 3315 911 3377 iure
936 3301 1050 3377 omnes
1074 3333 1128 3374 res
1154 3332 1174 3374 a
1198 3312 1350 3376 Pollione

178 3420 336 3500 auspiciis
356 3417 510 3482 Curionis
526 3420 573 3483 ibi
587 3424 697 3501 gestas
716 3421 793 3482 hnic
815 3421 994 3484 attribuere
1014 3420 1161 3500 potuerit
1173 3417 1226 3497 ⁸⁷).
1245 3421 1350 3501 Atqui

176 3663 252 3719 puae
279 3653 309 3705 et
336 3647 446 3704 circum
476 3647 608 3719 Capuam
635 3652 807 3719 comparata
835 3632 921 3712 essbt,
946 3650 976 3702 et
1004 3662 1069 3702 cum
1088 3628 1191 3704 Fausti
1210 3646 1349 3704 militibus

175 3753 356 3824 Domitiique
377 3753 531 3811 duodecim
550 3754 722 3811 cohortibus
741 3754 771 3810 in
792 3752 920 3812 Siciliam
946 3750 1186 3824 proficisceretur
1213 3753 1290 3823 (Cic.
1312 3753 1350 3809 ad

176 3863 238 3918 Att.
258 3861 340 3927 VIII,
362 3863 395 3924 12
413 3862 450 3928 A,
470 3864 496 3937 33
518 3858 555 3918 cl.
579 3864 612 3917 12
632 3861 665 3929 O,
688 3864 728 3932 3).

212 3969 247 4035 ⁶⁷)
273 3968 377 4038 ltaque
389 3967 510 4024 Orosius
521 3968 584 4036 (VI.
598 3972 697 4040 15‚7):
711 3967 836 4040 „Corio
857 3967 1028 4026 Catonem
1048 3965 1177 4026 Sicilia
1197 3965 1345 4037 expulit,

176 4073 310 4131 Valerius
340 4074 459 4154 Cottam¹
476 4075 642 4133 Sardinia“.
654 4109 687 4116 —
700 4075 819 4134 Cassius
839 4075 896 4133 Dio
916 4074 1007 4143 (ΧΗ,
1029 4079 1075 4143 41,
1098 4072 1140 4146 l):
1164 4068 1347 4145 „Kovqiov
