3196 4634
686 229 857 288 ...65-

91 360 97 373 ’
183 389 245 450 quc
268 388 328 450 per
352 369 478 451 legatos
504 390 578 433 suos
602 371 732 459 civium
760 371 988 433 Romanorum
1017 369 1163 432 delectus
1192 370 1350 452 habebat,

159 477 327 559 ¹equitum
351 477 567 558 peditumque
591 483 717 540 certum
739 497 912 540 numerum
945 498 965 539 a
994 477 1188 540 civitatibus
1217 478 1352 540 Siciliae

36 654 42 665 Ι
105 581 110 601 ’
147 583 149 587 ’
183 584 351 664 exigebat.
378 584 502 664 Quibus
521 584 621 647 rebus
646 603 752 665 paene
771 585 928 665 perfectis
955 582 1101 645 adventu
1126 582 1281 650 Curionis
1301 603 1352 647 co·

182 690 274 771 gnita
298 691 449 771 queritur
468 691 676 754 incautione
700 710 772 754 sese
787 691 972 772 proiectum
998 710 1035 752 ac
1054 690 1223 771 proditum
1248 711 1268 752 a
1291 689 1351 754 On.

182 797 351 879 Pompeio,
378 797 434 877 qui
451 797 603 860 omnibus
627 798 726 860 rebus
750 797 1022 878 imparatissimis
1041 816 1108 860 non
1127 798 1354 860 necessarium

182 903 308 966 bellum
332 904 535 984 suscepisset
558 908 591 967 et
615 905 656 967 ab
681 923 716 966 se
739 904 943 984 reliquisque
971 904 1005 971 in
1031 908 1146 967 senatu
1168 904 1353 985 interroga-

90 1010 93 1017 '
184 1014 236 1072 tus
260 1010 373 1072 omnia
397 1010 461 1072 sibi
480 1029 554 1073 esse
574 1010 617 1073 ad
635 1011 760 1074 bellum
780 1013 860 1091 apta
879 1029 917 1072 ac
936 1016 1056 1091 parata
1074 1010 1352 1073 confirmavisset.

183 1117 276 1180 Haec
299 1117 335 1178 in
358 1117 511 1180 contione
535 1120 671 1197 questus
700 1136 741 1180 cx
768 1116 944 1198 provincia
971 1112 1088 1197 fugitst.
1103 1116 1199 1199 -(1,
1225 1117 1280 1199 31,
1306 1116 1352 1198 1):

95 1259 96 1262 =
186 1223 309 1308 „Nacti
332 1242 456 1285 vacuas
482 1223 523 1285 ab
547 1224 697 1304 imperiis
725 1222 916 1285 Sardiniam
944 1222 1115 1305 Valerius,
1148 1219 1249 1285 Curio
1273 1222 1354 1284 Sici-

184 1329 266 1392 liam
290 1349 365 1391 cum
389 1329 589 1393 exercitibus
609 1348 648 1392 ee
668 1327 899 1413 perveniunt&
914 1328 1150 1395 —Secundum
1169 1330 1254 1391 hanc
1273 1326 1355 1391 Cae·¹

186 1436 273 1499 saris
297 1437 524 1498 narrationem
543 1436 718 1517 occupatio
738 1436 873 1503 Siciliae
893 1435 1107 1499 attribuenda
1127 1454 1199 1497 csse
1223 1435 1356 1498 videtur

187 1541 337 1606 Curioni.
365 1544 410 1604 At
424 1548 540 1606 contra
554 1543 728 1623 Appianus
748 1562 822 1605 eam
837 1543 982 1605 Pollioni
1001 1542 1185 1605 attribuens
1209 1540 1356 1625 (11‚40):

188 1643 343 1734 ,Ασίνιύς
365 1671 402 1711 τε
427 1643 594 1725 Πολλίων,
621 1649 740 1731 inquit,
761 1647 795 1720 ἐς
814 1644 971 1712 Σικελίαν
988 1643 1165 1730 πεμφθείς,
1185 1641 1225 1730 ἧς
1248 1643 1360 1730 ηχεῖτο

188 1752 323 1834 Κάτων,
353 1751 598 1842 πυνθανομένῳ
626 1764 675 1843 τῷ
704 1751 840 1821 Κάτωνι
867 1751 992 1839 πότερα
1016 1761 1076 1839 τῆς
1101 1758 1225 1838 βουλῆς
1252 1751 1272 1837 ἢ
1300 1760 1361 1818 τοῦ

186 1859 294 1946 δήμου
317 1856 423 1944 δόγμα
446 1857 561 1944 φέρων
590 1860 624 1933 ἐς
651 1858 826 1945 άλλοτρίαν
853 1859 958 1946 άρχίχν
986 1857 1153 1944 ἐμβάλλοι,
1185 1852 1253 1924 ὧδε
1283 1857 1360 1924 άπε-
1387 1928 1391 1935 ,

188 1964 323 2052 κρίνοιτο
349 1964 388 2055 „ri
412 1974 471 2052 τῆς
488 1960 624 2041 Ἰταλίας
646 1974 780 2051 κρατῶν
808 1964 862 2032 ἐπὶ
888 1964 991 2032 τοῦτοί
1016 1991 1056 2050 με
1085 1965 1265 2051 ἔπεμηιενα.
1296 1963 1361 2031 Καὶ

192 2071 312 2141 Κάτων
333 2071 395 2158 μὲν
421 2072 561 2140 τοσόνδε
589 2071 859 2160 οίποκρινάμενος,
891 2074 942 2139 ὅτι
970 2076 1086 2156 φειδοῖ
1108 2080 1178 2140 τῶν
1202 2070 1361 2158 ὑπηκόων
1415 2130 1418 2137 ,

190 2182 250 2248 οὐκ
277 2183 421 2248 ἐνταῦθα
449 2180 550 2248 αὐτὸν
578 2181 758 2266 οίμυνεῖται,
793 2180 983 2249 διέπλευσεν
1010 2182 1060 2262 (ἐς
1089 2179 1263 2266 Κέρκυραν
1289 2177 1361 2262 καὶ)

190 2291 229 2356 ἐκ
252 2287 422 2375 Κερκύρας
446 2290 479 2363 ἐς
503 2288 714 2375 nonnarum.
736 2292 898 2356 Similiter
917 2292 1118 2354 Plutarchus
1139 2288 1234 2370 (Cato
1253 2291 1362 2352 minor

189 2421 219 2464 c.
246 2400 314 2481 53):
344 2394 552 2485 ,πυθόμενος
568 2388 614 2462 δὲ
638 2396 670 2479 [ὁ
691 2394 840 2479 Κάτων],
862 2399 981 2482 inquit,
999 2392 1161 2462 Ἀσίννιον
1185 2391 1362 2461 Πολλίωνα

189 2501 278 2591 παρὰ
309 2511 381 2591 τῶν1
410 2501 578 2587 πολεμίων
610 2502 753 2587 άφῖχύαι
788 2499 869 2587 μετὰ
903 2499 1073 2586 δυνάμεως
1105 2501 1152 2574 είς
1183 2498 1364 2585 Μεσσήνην
1447 2558 1448 2561 ,

190 2613 318 2700 ἔπεμηιε
340 2608 441 2694 λάχον
464 2611 614 2677 άπαιτῶν
635 2603 707 2696 παρ’
730 2611 831 2678 αὐτοῦ
853 2618 912 2696 τῆς
935 2606 1133 2687 διαβάσεως.
1152 2606 1363 2692 Ἀνταπαιτη-

190 2717 265 2795 θείς
287 2717 327 2785 δὲ
349 2716 449 2801 λόγον
471 2717 527 2785 ὑπ)
552 2717 682 2786 ἐκείνου
704 2728 763 2805 τῆς
785 2725 854 2785 τῶν
872 2714 1072 2802 πραγμάτων
1095 2720 1291 2800 μεταβολῆς,
1307 2711 1364 2778 καὶ

190 2826 370 2912 Πομπήιον
392 2823 535 2899 οἰκούσας
558 2822 771 2893 ἐκλελοιπότα
793 2820 1115 2898 παντελῶς.Ἰταλιάν
1134 2822 1171 2889 ἐν
1190 2817 1363 2910 Δυρραχίῳ

191 2930 475 3019 στρατοπεδεύειν,
501 2928 606 3000 πολύν
629 2933 692 3018 ἔφη
712 2929 845 3017 περὶτὰ
867 2940 945 2998 θεῖα
963 2928 1089 2997 πλάνον
1107 2927 1191 2996 εἷναι
1208 2951 1265 2993 και
1287 2925 1365 2992 άσά-

191 3038 302 3126 φείαν,
327 3043 361 3107 εί
382 3039 560 3127 Πομπήιον
583 3044 619 3108 ἐν
643 3038 692 3115 οἷς
714 3037 803 3123 ὑγιὲς
826 3037 926 3106 ούδὲν
949 3037 1028 3105 οὐδὲ
1051 3036 1183 3104 δίκαιον
1207 3037 1366 3120 ἔπραττεν

191 3149 357 3238 άήττητον
380 3147 565 3235 γενόμενονΙ
579 3157 650 3229 νῦν,
677 3148 732 3214 ὅτε
750 3145 812 3233 τὴν
829 3145 974 3233 πατρίδα
996 3143 1151 3225 βούλεται
1174 3140 1295 3223 σώζειν
1310 3138 1366 3206 καί

190 3267 250 3344 τῆς
275 3255 464 3343 ἐλευθερίας
485 3252 716 3340 ὑπερμάχεται,
742 3253 940 3339 προλέλοιπε
961 3253 1001 3319 τὸ
1025 3251 1182 3336 εὐτυχεῖν.
1206 3247 1367 3318 Ἀσίννιον

192 3362 254 3452 μίν
277 3360 338 3432 οὖν
361 3366 425 3451 ἔφη
449 3361 589 3437 δυνατὸς
612 3360 696 3429 εἶναι
714 3359 867 3435 Σικελίας
886 3362 1050 3440 ἐκβαλεῖν,
1074 3357 1173 3443 άλλης
1195 3354 1234 3423 δὲ
1256 3353 1366 3440 μείζο-

193 3498 251 3548 νος
275 3470 494 3558 ἐπερχομένης
517 3468 686 3555 δυνάμεως
710 3468 749 3535 ού
767 3460 952 3546 βούλεσθαι·
968 3464 1030 3551 την
1052 3473 1155 3550 νῆσον
1174 3463 1367 3547 ἐμπολεμῶν
1458 3463 1466 3559 χ’

194 3578 367 3661 άπολίσαι,
392 3588 513 3664 χωρεῖν
536 3575 574 3643 δὲ
597 3575 681 3662 πρὸς
707 3574 746 3641 τὸ
775 3583 918 3660 κρατοῦν
941 3570 997 3637 καί
1020 3568 1190 3651 σώζεσθαι
1212 3565 1367 3653 παραινέ-

195 3705 254 3765 σας
277 3684 517 3774 Συρακουσίοις
541 3683 766 3768 ἐξέπλευσενα.

241 3801 366 3883 Quibus
382 3798 529 3881 Appiani
545 3803 578 3860 et
591 3794 765 3858 Plutarchi
779 3791 893 3854 verbis
908 3809 983 3852 cum
999 3786 1155 3853 Caesaris
1170 3786 1363 3849 narratione

195 3909 328 3973 collatis
354 3927 429 3969 cum
457 3905 608 3986 plerique
633 3903 730 3963 huius
756 3900 876 3962 aetatis
907 3896 1087 3977 scriptores
1119 3893 1254 3956 adducti
1283 3892 1360 3974 sint,

198 4022 235 4080 ut
258 4014 438 4079 Caesarem
456 4013 504 4093 ‘ob
530 4012 678 4092 aliquam
699 4026 833 4071 causam
857 4003 1001 4066 Pollioni
1021 4003 1144 4065 iratum
1164 4017 1305 4079 cumque
1329 4016 1368 4060 eo

1245 4125 1261 4175 5
