3196 4634
607 207 779 267 ,55-

124 366 185 409 ιιειο
200 355 339 410 secutus:
361 340 531 431 ὈΔομετίῳ
549 340 601 423 δὲ,
617 346 737 427 inquit,
754 340 927 431 ἡγουμένῳ
943 347 1088 425 σπειρῶν
1100 339 1278 426 τριάκοντα

122 448 168 515 καί
198 449 368 534 κατέχοντι
408 447 593 534 Κορφίνιον
628 445 783 515 ἐπελθὼν
815 446 1202 533 παρεστρατοπέδευοιν“
1242 446 1277 529 [ὁ

125 562 248 643 Καῖσαρ]
261 559 314 642 ¹⁹).

69 662 70 703 ἶ
157 667 222 729 Ηεα
244 668 345 748 igitur
370 668 499 728 ratione
527 683 702 727 nnmerum
731 664 905 744 copiarum
934 664 1218 744 Pompeianarum
1242 664 1276 724 in

69 764 71 851 f
121 773 226 854 oppido
249 772 394 837 Corfinio
418 772 635 852 finitimisque
660 771 692 833 ei
720 771 910 852 regionibns
934 770 1177 833 collocatarum
1202 771 1275 833 sub-

69 892 71 927 ῑ
122 879 213 942 tiliter
227 880 372 943 exsecuti
384 899 460 941 cum
469 877 652 940 viderimus
663 874 842 941 Caesarem
852 878 887 939 in
898 878 940 939 iis
957 878 1054 940 rebus
1071 877 1289 958 exponendis.

121 984 401 1067 diligentissimum
425 985 541 1065 fuisse,
567 984 635 1046 iam
658 1001 837 1064 pergamus
863 982 906 1045 ad
929 983 1061 1065 reliqua
1085 990 1118 1045 et
1143 983 1275 1045 omissis

120 1093 163 1175 iis,
188 1112 266 1174 quae
289 1093 349 1156 ille
369 1112 443 1154 cum
463 1092 583 1154 ceteris
604 1092 754 1154 omnibus
777 1091 991 1172 scriptoribus
1017 1091 1052 1152 in
1072 1091 1209 1152 summis
1225 1109 1274 1152 re-

119 1198 169 1260 bus
191 1218 370 1280 congruens
395 1198 436 1261 de
461 1195 599 1262 Corfinii
624 1196 797 1261 obsidione
823 1217 862 1260 ac
887 1196 1054 1260 deditione
1081 1194 1275 1279 enarrant,

121 1306 301 1369 accedamus
326 1305 446 1369 adres
471 1304 514 1367 ad
538 1304 755 1367 Brundisium
777 1312 903 1386 gestas.

72 1600 73 1607 ρ
146 1533 177 1601 ¹⁹)
194 1533 272 1590 Oros.
302 1534 356 1601 VI,
386 1537 429 1601 15,
449 1538 481 1601 4;
511 1533 590 1590 Plnt.
620 1531 705 1590 Caes.
735 1532 943 1590 3t.-Notum
978 1514 1032 1601 est,
1057 1532 1134 1603 opud
1162 1532 1276 1589 Plutar·

72 1704 73 1707 η
118 1639 191 1696 chum
208 1657 277 1699 voce
297 1649 402 1711 σπεῖρα
421 1657 490 1708 non,
514 1646 546 1697 ut
564 1640 643 1711 apud
662 1640 823 1712 Polybium,
843 1640 1034 1712 manipulum,
1054 1638 1105 1695 sed
1123 1639 1277 1696 cohortem

120 1745 262 1816 significari
281 1748 330 1823 (cf.
351 1749 455 1820 Pomp.
477 1765 499 1804 c.
520 1747 791 1817 62).-Diiudicare
812 1764 870 1804 non
889 1747 994 1816 audeo,
1015 1751 1110 1803 utrum
1125 1763 1276 1815 τετρακισ-

71 1848 72 1851 ’
119 1851 194 1920 χαῖα
217 1857 269 1924 illi,
299 1856 349 1927 qui
377 1856 454 1927 apud
482 1856 648 1927 Appianum
668 1856 720 1921 (ΙΙ,
750 1858 785 1913 38
812 1854 974 1912 init-cf.
994 1855 1034 1923 Π,
1054 1856 1089 1910 32
1107 1856 1197 1923 extr.)
1216 1858 1278 1909 trc-

120 1959 221 2029 dnntnr,
249 1964 376 2022 lectione
404 1965 568 2035 depravata
595 1964 736 2031 nitantur,
762 1980 809 2031 an,
831 1980 904 2035 quae
923 1961 1108 2033 indiligentia
1127 1964 1172 2017 est
1190 1960 1277 2016 huius

120 2069 268 2140 scriptoria,
288 2070 326 2127 ad
344 2087 495 2127 numerum
512 2070 663 2143 copiarum
682 2071 806 2128 Domitii
825 2070 990 2128 recentibus
1010 2067 1170 2125 delectibus
1189 2072 1277 2137 atque
1329 2062 1336 2069 ’

119 2170 225 2231 Vibullii
252 2177 394 2247 Hirrique
423 2176 594 2233 cohortibus
618 2177 744 2233 nondum
768 2183 931 2243 auctarum,
951 2175 980 2232 id
1000 2180 1046 2231 est
1064 2174 1101 2230 ad
1119 2172 1277 2231 duodecim

69 2272 71 2317 ἶ
117 2277 173 2336 illas
190 2283 325 2340 cohortes
344 2284 468 2342 Domitii
487 2300 505 2340 a
523 2285 665 2356 Pompeio
687 2286 803 2354 saepius
828 2286 1071 2340 commemoratas
1097 2280 1276 2353 pertincant.

149 2390 178 2457 λλ)
196 2391 276 2461 Quod
296 2390 406 2449 Caesar
426 2393 455 2448 in
475 2392 695 2449 commentariis
713 2392 772 2447 suis
790 2392 827 2461 (Ι,
848 2393 892 2458 23,
912 2395 941 2457 4)
959 2390 1042 2457 dicit,
1067 2395 1161 2446 totam
1189 2404 1279 2461 pecu-

119 2493 194 2563 niam,
214 2514 298 2568 quam
317 2482 464 2555 Domitius
484 2497 642 2555 Corfinium
663 2497 830 2555 advexisset
844 2503 933 2569 atque
947 2496 978 2552 in
992 2496 1111 2568 publico
1127 2493 1280 2566 deposuis-

119 2603 164 2667 set,
183 2602 207 2658 ei
225 2620 242 2660 a
261 2620 292 2660 se
311 2604 455 2661 redditam
476 2620 550 2673 csse,
570 2606 642 2661 haec
657 2621 705 2661 res
729 2605 784 2661 etsi
804 2621 822 2662 a
841 2604 985 2662 Cicerone
1004 2603 1101 2660 aliena
1119 2603 1210 2660 verba
1228 2617 1279 2658 va·

120 2705 298 2781 nissimosque
318 2727 453 2768 rumores
472 2716 583 2768 temere
603 2711 758 2768 subsecuto
774 2717 899 2782 negatur
918 2711 979 2778 (ad.
1000 2712 1061 2767 Att.
1082 2710 1163 2778 VIlI,
1186 2714 1228 2776 14,
1248 2711 1278 2780 3)

71 2848 73 2867 ι
121 2812 193 2882 plane
211 2826 239 2874 et
257 2825 360 2891 aperte
380 2824 478 2876 tamen
502 2820 548 2875 his
571 2819 670 2876 verbis
694 2820 823 2890 Appiani
847 2821 1076 2891 comprobatur:
1099 2819 1116 2873 ὃ
1140 2817 1171 2875 δὲ
1191 2818 1223 2890 [i.
1249 2833 1275 2873 e.

71 3004 72 3009 Ἰ
120 2919 235 2997 Καῖσαρ]
265 2924 317 2992 τὴν
345 2923 398 2993 μἐν
425 2922 563 2996 στρατιὰν
583 2925 671 2981 αυτοῦ
701 2927 734 2997 [i.
754 2943 780 2983 e.
803 2935 853 2980 τοῦ
875 2923 1026 3000 Δομιτίου]
1045 2919 1279 2997 προστιθεμένην

71 3046 73 3067 ¹
120 3028 141 3081 οἱ
161 3032 317 3104 προθύμως
345 3033 462 3105 εδέχετο
491 3034 524 3100 ἐς
553 3033 727 3107 ερὲθισμα
755 3045 821 3092 τῶν
851 3035 975 3103 τίλλων,
997 3033 1133 3105 Δομίτιον
1154 3026 1184 3088 d
1188 3031 1277 3089 αυτὸν

71 3108 73 3189 λ
120 3133 205 3212 ἀπαθῆ
223 3139 308 3212 μετὰ
327 3152 392 3198 τῶν
413 3143 540 3199 ἑαυτοῦ
562 3141 748 3215 χρημάτων
768 3146 923 3216 μεθῆκεν’
912 3144 979 3201 όιιοι
997 3138 1165 3216 βονλοιτο’
1149 3138 1276 3212 απιὲναι,

120 3240 271 3316 ἐλπίσας
241 3272 295 3320 μεν
314 3249 386 3317 ’ίσως
407 3248 453 3308 δια
475 3253 527 3321 τὴν
549 3253 679 3309 ενποιιαν
695 3262 882 3326 παραμενεῖν,
903 3255 937 3310 ον
961 3248 1095 3316 κωλύσας
1115 3246 1176 3316 δ’ίς
1200 3254 1280 3320 Πομ-

69 3348 71 3479 p
119 3352 190 3422 tiron
208 3357 289 3415 ἰόντα
308 3364 396 3432 (App.
419 3361 457 3429 Π,
478 3364 522 3418 38.
543 3361 579 3419 cf.
599 3362 640 3432 ΙΙ,
665 3366 714 3420 41:
745 3361 796 3418 καὶ
815 3370 875 3427 τοῖς
894 3361 1013 3432 ἐχθροῖς
1032 3356 1279 3429 ἐνσημαινόμενος
1335 3414 1337 3423 ,

69 3486 71 3549 p
119 3464 327 3537 φιλανθρωπίαν
347 3462 427 3523 εἶπεν
444 3469 472 3539 [ὸ
491 3470 621 3542 Καῖσαρ]
644 3469 688 3525 ὅτι
707 3469 758 3527 καὶ
778 3467 905 3526 Λεύκιον
925 3465 1062 3535 Δομίτιον
1082 3464 1155 3523 ἑλὼν
1174 3464 1278 3537 ἀπαθῆ
1297 3447 1301 3455 ‚

118 3566 201 3638 μεθείη
227 3568 313 3640 μετὰ
342 3581 407 3628 τῶν
436 3572 660 3646 χρημάτων).
684 3578 752 3649 Ipse
782 3578 886 3636 Cicero
906 3592 966 3632 non
994 3574 1088 3643 multo
1107 3580 1175 3647 post
1194 3576 1276 3633 illam

120 3685 191 3740 quam
211 3695 300 3751 snpra
318 3680 478 3749 attulimus
499 3682 655 3753 epistolam
675 3685 712 3740 nd
730 3683 861 3740 Atticum
880 3698 905 3738 a.
926 3683 954 3738 d.
975 3681 1017 3737 VI
1034 3681 1137 3739 Nonas
1151 3681 1279 3739 Martias

120 3775 213 3852 datam,
242 3801 317 3856 quae
344 3787 375 3842 in
404 3803 439 3844 ea
467 3788 504 3846 de
533 3789 658 3846 Domitii
687 3789 810 3862 pecnnia
839 3804 856 3845 a
880 3787 1008 3847 Caesare
1033 3789 1060 3845 ei
1080 3805 1139 3846 non
1158 3790 1279 3846 reddita

69 3880 70 3885 ’
121 3895 262 3959 narrasset,
291 3889 366 3948 falsa
393 3891 483 3950 fnisse
511 3895 691 3964 comperisse
716 3894 841 3964 videtur,
869 3911 935 3951 cum
962 3896 994 3951 iu
1021 3895 1130 3952 litteris
1162 3895 1279 3952 dnobus

121 3995 249 4055 censibus
260 4005 328 4070 post
347 3999 383 4056 ad
403 4001 532 4057 Atticum
553 4001 631 4058 datis
650 4002 686 4058 de
705 4002 794 4059 rebus
810 4002 923 4061 Romae
948 4004 1020 4061 actis
1038 4004 1154 4062 locutus
1170 4004 1278 4062 Caesa·
