3196 4634
579 189 750 251 -49-

132 329 293 392 Renovato
318 331 408 394 bello
433 331 585 410 (circiter
613 331 784 395 Kalendas
814 333 933 412 Febr.)
961 330 1084 397 Caesar
1114 335 1244 416 longius

99 455 265 517 progressus
286 456 361 498 cum
381 438 531 500 exercitu
552 438 679 501 victore
700 457 831 501 omnem
856 459 973 521 agrum
992 441 1151 503 Picenum
1170 461 1243 522 per·

100 545 182 604 currit
204 548 300 626 atque
326 565 358 607 a.
385 543 417 606 d.
443 543 527 606 XVI
555 545 726 608 Kalendas
750 545 948 627 Martias⁴⁴)
977 548 1022 610 ad
1048 545 1243 631 Corfinium,

98 651 165 729 quod
187 651 351 726 Domitius
380 651 549 733 praesidio
580 653 725 736 tenebat,
755 656 920 736 pervenit.
952 655 1244 736 Supervaceneum

97 762 175 838 esset,
198 759 279 821 haec
306 759 418 821 omnia
441 758 577 821 uberius
598 778 773 842 exponere,
800 761 865 823 nisi
890 761 931 824 de
951 782 1017 825 una
1040 782 1088 844 re,
1116 783 1154 852 ac
1174 763 1244 846 qui-

95 862 152 925 dem
172 863 210 927 de
233 865 408 946 copiarum
433 885 453 927 a
476 865 691 945 Pompeianis
716 868 749 928 in
773 867 852 930 illas
875 869 1027 949 regiones
1052 874 1244 931 coactarum

95 990 207 1033 numero
230 992 363 1034 summa
386 972 474 1033 inter
498 990 611 1034 omncs
631 972 700 1035 fere
720 975 901 1054 scriptores
926 975 1137 1056 maximeque
1155 977 1245 1038 iuter

87 1070 260 1160 'demerem
273 1076 482 1160 Ciceronem,
506 1077 703 1171 Pompeium
724 1079 950 1161 discrepantia
974 1086 1088 1143 extare
1112 1080 1241 1143 videre-

99 1190 144 1246 tur.
164 1186 253 1265 Quod
275 1206 314 1249 eo
329 1186 435 1266 magis
450 1183 640 1246 mirandum
662 1191 724 1267 est,
742 1206 807 1269 quo
827 1187 937 1248 minus
958 1187 1104 1250 dubItari
1123 1192 1244 1269 potest,

101 1289 154 1367 quin
173 1292 298 1354 nullius
324 1309 437 1353 corum
461 1291 652 1353 interfuerit
676 1292 763 1354 falsa
787 1291 911 1356 dicere.
1285 1374 1288 1379 y

131 1393 322 1481 Colligamus
346 1399 450 1479 igitur
481 1399 605 1479 omnia,
631 1418 716 1480 quae
745 1401 787 1462 ab
811 1401 856 1461 iis
879 1400 919 1464 de
948 1403 1011 1464 hac
1040 1421 1077 1464 re
1101 1400 1244 1463 diversis

107 1499 159 1564 loeis
181 1506 371 1587 traduntur,
397 1521 624 1585 ponamusque
648 1524 688 1567 ea
712 1506 772 1567 sub
796 1525 860 1569 uno
885 1513 1033 1588 aspectu:

221 1723 273 1785 De
298 1722 469 1802 copiarum
494 1719 775 1799 Pompeianarum
806 1725 839 1782 et
862 1719 1047 1783 Corfinium
1077 1728 1110 1784 et
1132 1724 1167 1782 in
1196 1723 1244 1782 vi-

179 1831 252 1893 cina
277 1830 308 1891 ei
333 1826 456 1909 oppido
482 1826 556 1888 loca
580 1832 773 1888 coactarum
797 1846 934 1890 numero
958 1830 1041 1891 haec
1067 1828 1201 1890 tradunt

187 2058 318 2123 Cicero:
565 2059 757 2138 Pompeius:
990 2056 1130 2122 caesar:

127 2214 260 2287 lnepIstola
274 2220 308 2274 ad
323 2221 442 2273 Atticum
504 2222 575 2271 Ante
585 2216 655 2271 diem
665 2218 704 2270 IV
715 2217 780 2271 Idus
789 2219 840 2271 Fe·
897 2218 1048 2272 Secundum
1055 2218 1177 2271 Caesaris
1183 2235 1244 2272 nar-

103 2302 153 2374 (VII,
171 2314 216 2381 24)
235 2327 260 2364 a.
276 2310 302 2363 d.
323 2310 364 2363 III
378 2308 442 2362 Idus
469 2307 592 2361 bruerias
613 2307 756 2375 Pompeius
784 2323 840 2360 cer·
868 2308 1000 2361 rationem
1025 2309 1059 2377 (Ι,
1089 2312 1131 2376 15,
1162 2310 1243 2373 3-6)

103 2391 234 2454 Februarias
258 2400 321 2453 data
346 2398 442 2451 Cicero
469 2397 522 2451 tior
540 2396 627 2450 Iactus
640 2402 681 2449 est
694 2396 841 2449 Domitium
870 2396 1002 2450 Vibullius
1017 2402 1045 2449 et
1059 2396 1166 2449 Lentuli
1180 2395 1246 2448 mili·

102 2484 166 2538 scubit
181 2489 324 2542 Domitium
342 2488 443 2541 habere
454 2440 458 2571 I
470 2502 530 2539 cum
539 2486 596 2539 suis
608 2485 764 2539 cohortibus
775 2485 840 2539 duo·
869 2486 940 2539 tibus
957 2492 984 2539 et
1000 2486 1073 2538 Hirri
1089 2485 1244 2538 cohortibus

100 2681 282 2698 κῇ..-

123 2808 150 2882 ⁵¹)
174 2813 201 2869 Is
215 2812 276 2869 dies
294 2809 381 2867 facile
401 2807 501 2879 collIgi
520 2811 617 2877 potest
637 2822 673 2863 ex
692 2805 846 2863 Ciceronis
866 2803 999 2875 epIstolis
1019 2821 1085 2861 cum
1105 2804 1243 2862 Caesaris

98 2921 241 2977 auctione
259 2932 359 2976 rerum
379 2913 605 2974 Corfiniensium
623 2912 751 2970 collatis.
772 2912 826 2970 Ille
845 2911 923 2968 enim
939 2911 1095 2970 Caesarem
1114 2927 1142 2968 a.
1158 2912 1186 2968 d.
1203 2911 1247 2969 IX

99 3021 222 3088 Kalendas
239 3027 364 3088 Martias
393 3023 575 3095 (Feralibus)
600 3021 768 3079 aGoifinio
788 3025 909 3093 recepto
929 3019 1094 3093 profectum
1113 3019 1162 3087 (ad
1181 3020 1245 3075 Att.

100 3128 160 3204 lul,
178 3142 218 3206 14,
239 3143 251 3194 1
274 3141 304 3192 et
322 3134 375 3201 IX,
397 3136 423 3199 1,
445 3136 483 3200 1),
503 3129 551 3186 hic
570 3134 683 3200 septem
702 3128 821 3186 omniuo
840 3128 904 3185 dies
918 3129 955 3184 ad
969 3127 1000 3184 id
1014 3127 1153 3198 oppidum
1168 3142 1248 3184 oom-

100 3250 217 3301 nonatum
236 3261 267 3301 se
286 3245 351 3299 e'sse
370 3238 442 3296 dicit
461 3237 497 3311 (Ι,
518 3239 564 3304 23,
584 3238 623 3305 ὁ).

123 3348 177 3408 Non
200 3350 349 3421 indignum
377 3350 421 3402 est
447 3343 496 3400 hic
524 3358 756 3400 commemorare
788 3341 906 3398 nuntios
938 3339 1089 3408 regionum
1122 3337 1247 3409 peritos,

106 3457 136 3522 lli
157 3460 287 3518 Caesaris
314 3455 441 3514 adventu
468 3452 586 3524 cognito
615 3451 713 3508 statim
741 3468 760 3508 a
787 3450 918 3509 Domitio
947 3447 1061 3519 maguis
1084 3445 1248 3518 propositis

106 3567 212 3623 luemiis
231 3581 296 3622 cum
315 3561 423 3620 litteris
450 3561 487 3617 ad
514 3559 685 3630 Pompeium
714 3557 872 3615 Luceriam
896 3553 980 3611 missi
999 3559 1087 3610 eraut
1105 3552 1247 3609 auxilium

106 3670 197 3732 lelium
224 3672 273 3743 (ci.
296 3671 382 3730 Caes.
413 3669 437 3739 I,
470 3671 512 3727 17,
544 3670 583 3737 1),
609 3665 645 3722 iis
664 3681 691 3722 a.
718 3665 746 3721 d.
767 3663 842 3722 XIII
864 3660 1014 3719 Kalendas
1033 3659 1160 3718 Martias
1179 3658 1248 3715 liuic

106 3775 199 3838 redditis
226 3778 276 3850 (cf.
306 3777 344 3835 ad
363 3781 424 3833 Aet.
446 3775 528 3844 VIII,
550 3777 584 3832 12
602 3775 640 3842 D,
661 3775 690 3844 l)
719 3770 815 3844 pridie
844 3769 972 3837 demum,
992 3782 1079 3839 quam
1098 3765 1248 3823 Domitius

103 3874 258 3955 retradidit,
277 3885 309 3954 (i.
330 3900 356 3940 e.
377 3899 404 3940 a.
425 3881 454 3939 d.
475 3882 504 3939 X
516 3880 583 3938 Kal.
599 3879 703 3948 Mart.)
720 3876 882 3936 Corfinium
901 3872 1060 3931 revertIsse
1074 3869 1143 3940 (cfr.
1161 3870 1247 3929 Caes.

102 3983 119 4053 Ι,
134 3993 171 4060 18,
187 3995 284 4062 o-20,
307 3994 334 4062 1)
352 3990 477 4061 ideoque
496 4004 549 4045 sex
568 3986 630 4043 dies
649 3985 681 4041 in
699 3983 750 4040 illa
768 3999 802 4041 re
820 3979 1001 4039 conficienda
1015 3976 1245 4049 consumpsisse.

1122 4091 1139 4139 4
