3196 4634
761 256 935 317 —64--
1002 267 1005 274 ·

255 399 387 461 ratione
408 417 443 460 se
463 397 641 460 defendere
662 397 784 480 studet,
806 398 853 459 sic
874 394 1001 460 Caesar
1024 397 1221 478 Pompeium
1241 402 1275 461 et
1294 397 1381 461 belli
1407 404 1438 461 et

255 506 349 586 pacis
373 504 678 566 machinationibus
694 504 897 585 opprimere,
917 503 1096 584 Pompeius
1120 522 1195 566 eum
1215 505 1364 584 effugere
1380 523 1437 566 co·

254 616 354 674 natus
379 616 441 674 est.
470 612 519 673 Ac
544 611 735 673 mehercule
759 630 918 692 magnam
946 610 1054 672 habeo
1079 609 1337 692 dubitationem,
1366 613 1438 673 utri

254 737 370 780 eorum
389 719 424 778 in
439 737 480 780 ea
498 735 534 778 re
554 717 740 798 praemium
761 715 908 778 deferam
922 713 976 794 ⁶⁰).
995 716 1081 778 Nam
1107 721 1140 778 et
1153 712 1279 779 Caesar
1300 737 1438 779 summa

255 825 330 887 cum
355 829 426 887 arte
451 823 668 885 Brundisium
698 823 904 904 oppugnavit
934 829 966 885 et
994 823 1174 904 Pompeius
1202 843 1270 887 non
1298 826 1437 887 minore
1516 891 1519 898 ,

254 931 412 994 defendit,
439 930 567 994 Tamen
591 927 644 992 hic
669 929 712 992 ad
733 934 920 992 extremum
946 929 1092 992 adventu
1116 932 1254 993 navium
1279 931 1437 1011 Dyrrha·

254 1040 329 1102 chio
353 1039 572 1101 remissarum
597 1037 748 1118 superior
771 1038 877 1098 factus
903 1056 936 1098 a.
967 1036 1000 1099 d.
1026 1037 1109 1099 XVI
1132 1037 1303 1100 Kalendas
1328 1040 1435 1119 Apri-

255 1144 355 1227 lesl')
381 1145 440 1207 sub
464 1148 596 1212 noctem
621 1163 696 1206 cum
721 1144 872 1205 omnibus
898 1144 1005 1224 copiis
1029 1145 1197 1224 proiectus
1223 1139 1297 1207 est.¹

298 1249 425 1314 Caesar
454 1257 592 1333 postero
620 1269 718 1313 mane
742 1250 1035 1330 (111111
1060 1251 1139 1314 Kal.
1169 1252 1271 1332 Apa]
1307 1253 1343 1313 in
1375 1273 1435 1335 op·
1538 1328 1540 1341 .

253 1358 369 1440 pidum
401 1360 570 1439 ingressus
606 1364 715 1420 tamen
748 1359 864 1438 inopia
897 1359 1035 1437 navium
1068 1363 1202 1421 coactus
1233 1363 1295 1439 est,
1331 1364 1367 1421 ut
1400 1362 1434 1422 in

254 1465 445 1546 praesentia
468 1465 609 1545 Pompei
625 1464 786 1543 sequendi
811 1464 954 1546 bellique
973 1466 1008 1526 in
1026 1463 1206 1529 Graeciam
1231 1469 1437 1530 transferen-

253 1573 294 1636 di
310 1554 477 1636 rationem
502 1574 681 1634 omitteret.
717 1572 833 1654 Itaque
863 1573 1005 1635 classem
1036 1574 1228 1654 comparari
1255 1574 1433 1637 Brundisi-

253 1675 374 1761 umque
398 1679 518 1742 deduci
538 1680 649 1760 iussit,
675 1681 746 1760 ipse
770 1681 805 1741 in
824 1680 1024 1761 Hispaniam
1046 1680 1215 1760 proficisci
1240 1683 1432 1745 constituit.

301 1785 374 1867 Quo
398 1787 507 1847 minus
525 1791 637 1847 autem
661 1805 696 1848 se
718 1786 855 1848 absente
874 1785 1017 1849 Italiaa
1043 1786 1256 1867 Pompeianis
1273 1792 1437 1870 temptari

253 1897 381 1976 posset,
407 1899 440 1955 et
464 1892 610 1955 urbanas
640 1911 693 1955 res
722 1894 815 1972 prius
845 1893 909 1955 sibi
937 1892 1185 1973 componendas
1215 1898 1249 1956 et
1276 1893 1433 1957 Siciliam

253 2000 508 2082 Sardiniamque
532 2001 567 2061 in
591 2004 791 2080 potestatem
817 2020 912 2062 suam
933 1999 1133 2080 redigendas
1158 2019 1230 2063 esse
1255 2002 1433 2064 existima-

185 2168 188 2175 ,
253 2109 322 2170 bat.
350 2106 498 2188 Quarum
517 2126 630 2169 rerum
651 2105 899 2168 efficiendarum
919 2125 1022 2167 causa
1042 2107 1113 2169 sine
1133 2126 1227 2168 mora
1248 2105 1290 2168 ad
1311 2109 1430 2170 urbem

254 2214 422 2277 contendit
447 2220 545 2295 atque
570 2213 708 2275 Valerio
736 2217 769 2274 et
797 2209 935 2301 Curioni
958 2211 1145 2295 mandavit,
1170 2217 1207 2273 ut
1230 2212 1289 2274 ille
1312 2213 1426 2275 Sardi-

253 2323 322 2403 nia,
353 2322 407 2383 1111
435 2340 509 2383 cum
538 2320 724 2401 legionibus
753 2319 881 2408 duabus
909 2319 1027 2381 Sicilia
1055 2320 1220 2400 potiretur
1249 2315 1364 2397 (Caes.
1400 2321 1425 2401 l,

252 2429 308 2511 30,
336 2429 385 2505 2),
794 2432 798 2441 ’
1250 2444 1272 2508 '.

214 2530 216 2535 ’
297 2535 422 2616 Quibus
447 2536 544 2597 rebus
569 2534 736 2597 enarratis
761 2529 890 2596 Caesar
918 2532 962 2615 (Ι,
993 2533 1049 2616 30,
1074 2534 1122 2610 4);
1155 2529 1276 2617 ,cam
1303 2534 1429 2615 inquit,

253 2644 287 2704 in
310 2642 428 2705 Sicilia
450 2661 555 2704 naves
580 2642 698 2723 longas
722 2647 853 2723 veteres
882 2641 1067 2721 reficiebat,
1099 2659 1203 2702 novas
1231 2640 1430 2703 civitatibus

253 2749 451 2830 imperabat.
479 2749 571 2811 Haec
594 2767 715 2829 magno
739 2746 848 2810 studio
872 2748 1003 2826 agebat.
1035 2746 1073 2807 In
1096 2747 1241 2808 Lucanis
1269 2746 1431 2809 Bruttiis-

287 2978 420 3048 60)Ρ1111.
441 2976 545 3047 Pomp.
566 2979 601 3034 63
619 2976 695 3032 init:
717 2974 772 3048 „Oi
789 2973 843 3043 μὲν
863 2970 914 3029 οὖν
934 2972 1016 3029 ἄλλοι
1034 2981 1085 3029 τοῦ
1107 2971 1257 3042 Πομπηίου
1282 2970 1333 3027 τὸν
1355 2972 1433 3030 ἀπό-

253 3088 345 3138 πλουν
365 3080 396 3138 ἐν
416 3089 477 3146 τοῖς
495 3077 623 3152 ἀρίστοις
641 3078 772 3137 τίθενται
794 3080 1046 3151 στρατηγήμασιν“
1066 3101 1095 3135 κ.
1116 3101 1142 3135 τ.
1163 3085 1189 3135 l.

288 3197 323 3265 61)
352 3193 517 3252 Secundum
545 3194 677 3263 priorem
706 3207 867 3260 rumorem,
898 3192 946 3263 qui
975 3192 1011 3248 de
1039 3190 1161 3261 Pompei
1185 3189 1371 3262 profectione
1393 3192 1438 3248 ad

254 3302 426 3361 Ciceronem
446 3300 551 3357 allatus
571 3305 623 3367 est,
642 3298 692 3356 ille
711 3299 769 3355 iam
789 3299 887 3356 Idibus
906 3297 1023 3356 Martiis
1042 3314 1060 3354 a
1079 3296 1239 3355 Brundisio
1255 3297 1437 3355 conscendit

252 3409 302 3477 (ad
320 3414 380 3466 1111.
401 3409 454 3476 ΙΧ,
476 3412 520 3475 14,
540 3404 579 3481 3).
600 3405 658 3465 Sed
676 3405 776 3477 paullo
795 3411 863 3476 post
877 3405 984 3464 Cicero
999 3421 1053 3477 per
1068 3392 1194 3461 Matium
1209 3408 1239 3460 et
1254 3402 1436 3460 Trebatium

253 3513 363 3571 certior
389 3512 483 3570 factus
511 3517 555 3569 est
577 3511 751 3583 Pompeium
770 3527 796 3568 a.
814 3513 843 3569 d.
864 3512 936 3569 XVI
954 3509 1103 3569 Kalendas
1123 3509 1241 3580 Apriles
1259 3506 1437 3580 profectum

252 3639 327 3689 esse,
349 3623 506 3682 Caesarem
525 3626 644 3692 postero
658 3620 707 3677 die
721 3619 752 3676 in
767 3620 907 3691 oppidum
922 3619 1058 3677 introisse
1073 3618 1123 3687 (ad
1136 3619 1198 3675 Att.
1214 3604 1268 3685 iX,
1286 3618 1328 3680 15,
1341 3616 1384 3690 6).
1396 3650 1438 3660 -

253 3731 355 3802 ltaque
383 3730 413 3784 in
441 3727 591 3785 Plutarchi
618 3727 680 3784 vite
706 3726 841 3797 Pompei,
871 3742 934 3797 cap.
962 3727 1008 3794 62,
1040 3723 1195 3796 legendum
1227 3738 1291 3779 esse
1319 3737 1435 3781 censeo

253 3831 362 3913 „ppipp
391 3832 422 3890 δὲ
450 3836 692 3904 τρισκαιδεκάτῃ“
712 3829 775 3903 (ιγ’)
794 3848 850 3903 pro
874 3827 983 3908 „pilipp
1003 3828 1033 3886 δὲ
1052 3827 1152 3901 colvm
1171 3826 1232 3900 (γ’).
1251 3829 1435 3887 Plutarchus

253 3943 331 4002 enim
348 3958 502 4000 numerum
522 3940 635 3998 dierum
654 3940 732 3998 inter
751 3939 902 3997 consulum
922 3944 952 3996 et
965 3938 1089 4009 Pompei
1103 3935 1318 4009 profectionem
1337 3934 1436 3994 iuter·

253 4052 399 4107 iectorum
418 4047 512 4104 iniens
530 4045 672 4104 tredecim
692 4047 756 4103 dies
776 4044 937 4116 1111111111.
958 4053 1021 4102 not.
1041 4047 1098 4116 55).
