3196 4634
644 261 797 321 ..9-

142 397 252 459 Asinii
277 401 310 459 et
333 397 514 459 Plutarcho
538 402 578 474 et¹
594 397 748 480 Appiano
772 399 937 480 imprimis
961 399 1063 481 digna
1083 399 1193 462 videri
1216 399 1312 463 debu·

137 506 222 588 isse,
249 523 335 584 quae
358 506 425 586 ipsi
449 496 640 588 redderent,
666 507 739 586 quis
764 512 826 589 est,
852 507 997 587 quinon
1021 507 1197 572 concedat?

185 612 257 673 Iam
281 630 357 673 cum
382 610 630 675 demonstrasse
650 613 733 674 mihi
752 611 871 676 videar
894 614 1004 693 prima
1024 613 1085 675 illa
1104 618 1312 696 argumenta,

135 718 259 799 quibus
293 716 444 781 Thouret
477 718 693 781 Plutarchum
726 723 760 781 et
791 719 982 803 Appianum
1014 720 1176 800 neglectis
1211 722 1315 802 ipsius

139 824 253 886 Asinii
276 822 614 888 historiisGraecum
639 825 797 907 aliquem,
822 827 879 904 qui
899 844 956 888 eas
982 828 1200 909 excerpserit,
1222 845 1314 890 secu·

138 936 192 995 tos
217 951 292 995 esse
318 932 436 995 docere
460 942 609 1016 conatur,
636 933 776 995 multum
805 933 898 996 dubii
921 934 1111 1015 relinquere
1142 939 1241 1017 atque
1265 937 1313 997 in-

141 1041 290 1102 firmiora
314 1057 400 1122 esse,
426 1059 525 1121 quam
549 1040 667 1121 quibus
691 1039 900 1120 relellantur,
922 1041 978 1121 qui
1002 1040 1155 1102 Asinium
1179 1041 1316 1104 illorum

136 1150 310 1208 ,auctorem
322 1147 426 1209 fuisse
441 1145 589 1209 iudicent
601 1142 640 1228 ⁸),
657 1164 836 1227 pergamus
852 1145 895 1209 ad
915 1146 1048 1226 reliqua
1062 1147 1312 1233 videamusque,

142 1254 345 1334 possimusne
370 1255 472 1316 etiam
496 1255 531 1316 in
555 1273 763 1317 samarcam
788 1254 961 1337 invadere,
984 1274 1082 1335 quam
1107 1255 1254 1318 Thouret
1274 1258 1315 1320 ab

144 1362 216 1442 ipso
243 1361 423 1424 Plutarcho
451 1361 492 1424 de
520 1360 676 1425 Caesaris
707 1380 788 1424 voce
815 1362 877 1424 illa
909 1363 944 1423 in
968 1364 1096 1443 campis
1125 1363 1315 1427 Pharsaliis

143 1467 232 1530 edita
244 1468 320 1546 (cfr.
342 1467 473 1530 Sueten.
488 1467 565 1530 dir.
582 1467 647 1529 Iul.
672 1468 730 1546 30)
750 1468 953 1530 mentionem
972 1467 1110 1530 facienti
1129 1470 1314 1557 sententiae

66 1562 73 1585 ¹
140 1593 221 1636 snae
245 1575 402 1655 praeberi.
426 1571 605 1636 contendit.
632 1574 682 1635 Ac
708 1573 940 1653 quidemille,
967 1592 1053 1654 quae
1077 1576 1112 1636 in
1136 1574 1314 1657 disputeti-

139 1701 238 1744 ouem
262 1686 439 1764 vocantur,
457 1682 563 1744 verba
585 1681 760 1743 Plutarchi
779 1678 896 1760 (Caes.
913 1683 973 1761 46)
987 1683 1070 1745 haec
1090 1688 1177 1746 sunt:
1197 1680 1257 1767 (Ὁ
1276 1679 1315 1747 δὲ

140 1791 327 1872 Καῖσαρ...
354 1784 445 1853 εἶπεν
463 1784 527 1871 άρα
546 1783 711 1867 στενάξας·
736 1791 863 1874 ,Τοῦτο
884 1785 1129 1872 ἐβουλήθησαν,
1146 1789 1193 1862 εἰς
1214 1786 1315 1854 τοῦτό
1383 1778 1386 1797 ”

134 1916 178 1977 με
201 1890 346 1977 άνάγκης
367 1890 589 1978 ὑπηγάγοντο,
616 1892 669 1959 ἵνα
694 1890 798 1967 Γάιος
827 1897 954 1977 Καῖσαρ
979 1891 998 1957 ὁ
1020 1891 1192 1977 μεγίστους
1218 1893 1316 1961 noid-

133 2021 221 2084 μους
242 1996 474 2084 κατορθώσας,
500 1999 533 2063 εἰ
544 1996 739 2084 προηκάμην
752 1996 794 2063 τά
809 1996 1043 2084 στρατεύματα,
1069 1997 1131 2066 κάν
1144 1999 1316 2066 κατεδικά·

140 2106 286 2191 σθηνὍ.
317 2104 425 2172 luisci
446 2122 527 2192 φησι
556 2103 713 2173 Πολλίων
731 2100 891 2180 Ἀσίννιος
916 2103 958 2170 τά
982 2104 1110 2191 ῥήματα
1134 2105 1317 2191 (Ρωμαιστὶ

138 2210 203 2297 μὲν
226 2211 502 2297 άναφθὲγξασθαι
525 2213 585 2281 τὸν
607 2214 763 2300 Καίσαρα
790 2211 879 2299 παρὰ
904 2210 964 2280 τὸν
986 2211 1062 2279 τότε
1089 2212 1219 2301 καιρόν,
1246 2214 1316 2281 Ἑλ·

139 2318 268 2406 ληνιστὶ
290 2315 320 2386 δ’
348 2316 407 2387 ὑπ’
435 2320 555 2388 αὐτοῦ
577 2320 775 2408 γεγράφθαι.

188 2429 280 2511 Quae
303 2432 408 2493 verba
432 2430 580 2494 Thouret
602 2434 658 2512 (pl
680 2422 873 2509 339-340)
901 2426 1092 2493 Casauboni
1115 2431 1314 2510 interpreta-

142 2537 266 2598 tionem
289 2538 366 2616 (cfr.
395 2542 466 2601 not.
499 2541 535 2616 5)
568 2543 701 2601 secutus
732 2538 779 2599 sic
809 2535 1042 2599 transferenda
1069 2555 1143 2598 esse
1175 2535 1312 2599 iudicat:

139 2645 250 2730 ,haec
272 2646 389 2728 verba,
416 2646 464 2707 ait
487 2646 548 2707 As.
574 2646 629 2728 Ρ.,
654 2645 773 2707 Latine
803 2643 937 2724 quidem
962 2648 1031 2705 tum
1055 2640 1236 2706 Caesarem
1266 2644 1313 2705 lo·

135 2755 255 2814 cutum
275 2771 358 2835 esse,
375 2750 506 2816 Graece
522 2757 634 2815 autem
651 2772 671 2814 a
690 2772 726 2815 se
746 2748 907 2832 scriptor.
924 2750 1010 2812 Tum
1029 2751 1139 2833 pergit
1153 2753 1201 2831 (p.
1220 2751 1312 2830 340):

136 2857 262 2943 ,Esset
285 2858 388 2939 igitur
407 2859 544 2921 Asinius
569 2856 706 2940 quidam
726 2858 848 2938 Pollio,
875 2858 931 2937 qui
954 2858 990 2918 in
1011 2856 1195 2920 scribendis
1215 2857 1314 2919 rebus
1358 2847 1361 2853 ’

133 2965 246 3047 gestis
271 2961 402 3028 Graeca
430 2965 545 3046 lingua
568 2968 738 3028 uteretur?
764 2965 830 3050 ,At
860 2964 996 3026 Asinius
1023 2964 1131 3026 Pollio
1160 2961 1315 3027 Caesaris

132 3073 270 3135 amicus
294 3071 414 3135 Latine
438 3069 612 3152 scripsitl“
637 3071 741 3135 Sane!
758 3053 917 3134 Exsistit
939 3071 1044 3152 igitur
1068 3071 1153 3134 alter
1176 3070 1314 3132 Asinius

173 3301 198 3366 ὓ)
218 3296 280 3354 Cir.
300 3297 432 3365 Wijnne:
450 3296 511 3368 „De
526 3295 583 3353 fide
599 3302 628 3354 et
642 3297 820 3354 auctoritate
836 3297 982 3369 Appiani“
998 3299 1104 3366 (1855),
1119 3313 1149 3367 p.
1166 3298 1201 3353 35
1215 3312 1315 3367 seq.-

134 3405 244 3461 Peter:
266 3404 339 3475 „Die
360 3403 482 3475 Quellen
500 3403 666 3461 Plutarch's
685 3403 716 3460 in
734 3404 1000 3475 denBiogruphien
1019 3403 1208 3461 deermer“
1223 3404 1315 3473 (Hull.

139 3511 234 3581 1865),
263 3526 293 3581 p.
325 3513 377 3566 124
404 3526 465 3581 seq.
481 3509 655 3567 -Bailleu:
687 3510 859 3581 „Quomodo
888 3509 1040 3580 Appianus
1068 3508 1099 3564 in
1126 3508 1198 3565 belli
1221 3510 1316 3568 civilis

139 3618 225 3675 libris
235 3619 326 3676 11-V
337 3619 431 3675 Asinii
444 3618 588 3676 Pollionis
604 3619 738 3676 historiis
753 3635 822 3675 usus
842 3619 896 3675 sit“
911 3619 1059 3689 (1874).-
1069 3617 1233 3675 Praeterea
1247 3634 1316 3675 con·

136 3725 187 3785 fer
206 3727 398 3785 Therbeeke:
421 3727 655 3799 „commentatio
674 3726 710 3783 de
731 3727 764 3786 d.
786 3727 881 3811 Asinii
909 3726 1052 3785 Pollionis
1079 3726 1141 3784 vitu
1164 3732 1193 3784 et
1212 3726 1315 3784 studiis

134 3835 310 3893 doctrinae“
332 3833 436 3906 (Lugd.
457 3835 524 3892 Bet.
547 3833 896 3904 1820).-Hendecourt:
918 3833 979 3905 ,De
1002 3833 1073 3903 vite,
1094 3832 1186 3905 gestis
1210 3837 1239 3889 et
1258 3838 1317 3890 stu·

129 3941 195 4000 diis
213 3940 310 3998 Asinii
329 3941 490 3998 Pollionis“
512 3939 802 4012 (illinit-Aulam:
825 3940 886 4011 „De
907 3938 939 3997 O.
957 3938 1054 3996 Asinii
1082 3939 1226 3996 Pollionis
1255 3939 1315 3996 vita

130 4054 166 4107 et
189 4047 327 4120 scriptis“
346 4047 454 4123 (1877).
623 4024 628 4043 ⁸
