3196 4634
1546 100 1548 201 l

845 235 1020 296 -11-
1341 154 1347 161 ’

382 374 456 436 Iam
479 376 614 437 circiter
638 395 670 437 a.
694 374 727 437 d.
749 375 779 435 V
805 374 974 437 Kalendas
1005 376 1145 438 Martias
1172 377 1348 458 Pompeius
1372 376 1491 438 Brundi·
1548 348 1549 363 ἵ

338 480 426 543 sium
450 486 654 562 pervenerat
674 478 760 560 (Cic.
780 480 823 542 ad
843 481 913 542 1111.
936 481 998 562 IX,
1016 481 1072 564 10,
1089 482 1121 543 8.
1137 518 1177 527 -
1190 484 1231 544 cf.
1250 482 1344 565 v111,
1362 479 1491 564 1411).
1548 534 1549 537 ,

338 586 385 648 Ut
408 585 565 669 pecudes,
591 606 677 668 quae
701 586 871 668 dispulsae
895 588 947 649 sni
961 588 1089 668 generis
1113 594 1295 667 sequuntur
1318 608 1441 670 greges,
1456 590 1495 651 sic

338 698 557 756 assectatores
582 695 652 757 eius
666 695 793 775 impetu
814 690 970 757 Caesaris
992 696 1099 756 territi
1125 694 1240 758 eodem
1263 697 1494 775 confugiebant.

337 936 401 978 rem
421 921 598 979 multitudini
618 921 833 979 odiosissimum
854 936 918 978 esse
932 921 1054 989 scribat,
1079 922 1157 992 quod
1176 921 1227 978 ille
1246 922 1276 978 in
1301 923 1432 980 instituto
1456 940 1499 980 suo

338 1026 456 1084 minime
475 1029 592 1085 steterit
611 1034 640 1085 et
656 1028 797 1099 „duarum
812 1016 911 1085 rerum
927 1027 1143 1086 simulationem
1158 1034 1229 1085 tam
1244 1029 1319 1087 1111
1336 1030 1499 1095 amiserit,

338 1134 568 1192 mansuetudinis
586 1134 617 1190 in
631 1134 765 1203 Metello,
785 1135 993 1192 divitiarum
1013 1134 1043 1190 in
1062 1135 1196 1192 aerari0“
1213 1134 1268 1210 ⁴(ad
1285 1137 1349 1192 Att.
1371 1138 1409 1203 Χ,
1423 1141 1449 1205 8,
1468 1136 1501 1210 6).

338 1240 456 1301 Scilicet
483 1242 645 1313 Appianas,
675 1258 740 1298 cnm
759 1242 907 1313 praeclari
926 1241 1003 1300 illius
1022 1240 1162 1300 facinoris
1182 1258 1300 1300 causam
1319 1260 1356 1301 ex
1376 1243 1502 1303 Caesaris

240 1408 242 1415 ⁴
338 1347 494 1420 prudentia
513 1354 542 1405 et
561 1348 721 1405 calliditate
740 1349 859 1420 repetit,
881 1365 943 1406 rem
962 1349 1073 1406 rectius
1092 1349 1232 1420 explicat,
1253 1365 1340 1421 qnam
1359 1351 1421 1422 ipse
1440 1351 1502 1410 Cae·

338 1471 398 1524 sar,
420 1454 468 1526 qui
487 1454 649 1526 magnificis
667 1454 766 1512 verbis
784 1471 852 1512 usus
867 1471 898 1512 se
912 1455 979 1513 ideo
994 1461 1055 1513 tam
1070 1455 1242 1512 clementem
1255 1453 1345 1514 luisse
1359 1457 1503 1529 gloriatur,

339 1576 392 1633 „ne
413 1559 611 1617 continentior
630 1560 660 1616 in
679 1560 740 1617 vita
758 1557 907 1616 hominum
926 1576 1012 1632 qnam
1032 1559 1062 1617 in
1082 1561 1208 1632 pecunia
1226 1561 1331 1619 fuisse“
1351 1562 1501 1620 videretur.

249 1660 253 1670 '
340 1667 421 1738 Quae
441 1666 532 1723 verba
550 1666 637 1738 plane
656 1665 780 1723 ridicula
799 1682 874 1734 esse,
894 1664 980 1723 facile
1000 1666 1151 1731 concedes,
1172 1667 1197 1723 si
1217 1683 1252 1723 ex
1272 1669 1325 1735 eis,
1347 1685 1422 1739 quae
1436 1667 1505 1725 infra

339 1771 482 1839 dicemus,
511 1770 695 1842 cognoveris,
724 1785 778 1840 per
806 1777 946 1841 quantam
974 1771 1033 1828 vim
1058 1771 1168 1830 Caesar
1191 1771 1291 1844 paullo
1311 1777 1380 1844 post
1401 1775 1503 1833 Romae

337 1879 486 1936 aerarium
506 1878 679 1950 expilaverit
699 1894 842 1949 quamque
861 1879 1012 1950 ingeniose
1032 1881 1183 1936 carasio
1209 1881 1429 1938 commentariis
1456 1854 1505 1937 dis-

310 2002 312 2009 ’
338 1985 595 2043 1111111111.-
616 1985 673 2043 Sed
696 1990 727 2042 ut
750 1985 855 2042 adres
876 1985 1076 2044 Corfinienses
1097 1992 1292 2055 revertamur,
1312 1987 1370 2044 hoc
1391 1986 1504 2046 Caesari

339 2092 388 2150 vix
407 2092 478 2149 vitio
498 2092 672 2150 vertendum
692 2107 892 2163 1111111111,
917 2092 1045 2163 quadiu
1064 2093 1284 2150 commentariis
1303 2094 1339 2151 de
1359 2093 1504 2152 clementia

338 2192 391 2256 sua
409 2204 496 2269 atque
515 2198 704 2267 liberalitate,
726 2214 783 2269 qua
801 2214 834 2255 re
853 2213 923 2255 vera
943 2214 1008 2256 eum
1028 2204 1058 2256 11
1072 2214 1138 2255 cum
1152 2200 1218 2270 ipso
1234 2199 1343 2271 oppido
1359 2200 1410 2271 (11.
1427 2200 1503 2259 Caes.

337 2307 362 2373 I,
382 2309 427 2373 21,
443 2306 474 2378 2)
490 2310 599 2362 etcum
619 2305 797 2363 adversariis
816 2304 875 2362 suis
895 2303 944 2372 (cf.
966 2305 1051 2364 Caes.
1070 2306 1096 2375 I,
1111 2308 1156 2374 22,
1171 2308 1257 2376 3-6;
1274 2309 1319 2375 23,
1334 2311 1418 2378 3-4)
1431 2322 1505 2364 usnn

339 2429 407 2471 esse
426 2413 532 2483 reliqui
550 2412 614 2469 fere
643 2428 743 2469 omnes
771 2411 934 2483 scriptores
951 2413 1002 2481 (cl.
1023 2412 1169 2484 imprimis
1188 2414 1266 2485 App.
1297 2414 1337 2484 ΙΙ,
1358 2417 1395 2472 38
1414 2418 1503 2481 1141;

339 2520 414 2578 Vell.
442 2521 559 2578 Patere.
588 2520 626 2585 Π,
655 2523 698 2584 10,
728 2523 755 2586 1;
781 2519 903 2578 Suetou.
924 2518 982 2577 dir.
1005 2520 1057 2576 lul.
1079 2522 1113 2577 34
1121 2540 1128 2588 ;
1149 2520 1207 2577 Dio
1226 2520 1306 2589 XLI,
1331 2525 1373 2589 ll,
1393 2525 1424 2590 33
1446 2521 1504 2580 Lir.
1554 2512 1555 2545 ³

339 2627 412 2699 epit.
435 2629 500 2694 109;
525 2626 633 2684 Balbus
654 2625 836 2696 (spurcis,
857 2624 976 2683 adAtt.
1008 2626 1088 2694 VIII,
1110 2629 1144 2684 15
1162 2629 1200 2695 A,
1219 2629 1259 2697 3),
1285 2630 1357 2699 cet.)
1382 2629 1505 2695 tradunt,
1554 2686 1555 2719 ,

339 2734 513 2806 praedicare
533 2731 793 2801 1111111111111.
815 2732 903 2789 ctiam
923 2732 987 2789 eius
1007 2732 1163 2805 epistolam
1183 2735 1284 2806 paullo
1303 2741 1372 2806 post
1390 2736 1507 2794 deditio-

340 2858 407 2898 nem
436 2839 623 2913 Corfiniiad
652 2839 777 2912 Oppium
812 2845 842 2896 et
869 2840 994 2897 Balbum
1021 2841 1151 2898 missam:
1181 2842 1260 2914 apud
1290 2842 1364 2913 Cic,
1389 2844 1427 2901 ad
1451 2846 1507 2901 Att.

340 2949 394 3016 IX,
423 2952 440 3005 7
470 2947 517 3019 C).
548 2947 624 3004 Nam
652 2945 708 3003 etsi
727 2945 857 3002 dubitari
875 2962 934 3003 uon
954 2950 1063 3016 potest,
1084 2946 1153 3016 quin
1173 2946 1281 3004 Caesar
1300 2947 1337 3006 ad
1355 2948 1437 3006 illam
1456 2948 1508 3005 cle·

340 3056 478 3113 mantiam
502 3070 562 3112 non
589 3061 649 3111 tam
678 3054 802 3112 caritate
824 3054 941 3127 generis
970 3054 1090 3111 humaui
1109 3060 1139 3112 11
1167 3071 1268 3113 amore
1287 3057 1380 3127 pacis,
1400 3062 1432 3114 ut
1449 3057 1507 3129 ipse

339 3164 517 3236 praetendit,
538 3178 624 3233 quam
639 3161 794 3234 prudentia
813 3167 843 3219 et
862 3161 1024 3219 rationibus
1053 3162 1114 3219 suis
1133 3162 1273 3221 adductus
1293 3164 1341 3232 sit,
1361 3169 1459 3223 tamen
1476 3178 1508 3220 ea

338 3271 375 3328 de
400 3288 430 3329 se
458 3272 653 3344 praedicatio,
683 3269 841 3328 dummodo
870 3285 906 3328 ne
935 3270 1020 3326 simul
1048 3270 1131 3342 ipsae
1155 3287 1203 3328 res
1222 3276 1274 3328 aut
1293 3272 1506 3330 dissimulentur

339 3388 390 3436 ant
409 3371 618 3450 depraventur,
638 3394 697 3436 non
717 3377 803 3434 nimis
821 3377 1063 3449 reprehendenda
1082 3377 1153 3434 mihi
1172 3378 1286 3436 videtur
1305 3378 1336 3436 iu
1365 3395 1401 3438 eo
1421 3380 1507 3450 serip-

319 3470 416 3554 tore,
437 3487 492 3558 qui
506 3488 660 3545 historiam
684 3502 783 3544 rerum
812 3501 929 3542 suarum
948 3484 1005 3542 hac
1023 3490 1121 3543 mente
1141 3485 1304 3557 scripserit,
1324 3491 1356 3544 ut
1375 3487 1505 3545 conlecto

339 3594 416 3652 bello
437 3594 515 3651 civili
529 3595 587 3676 ‘sibi
606 3595 733 3666 gratiam
751 3592 852 3665 populi
872 3593 999 3651 Romani
1019 3591 1236 3650 reconciliaret.

376 3706 411 3773 ⁵¹)
432 3702 540 3760 Caesar
561 3719 626 3759 oum
645 3702 676 3757 in
694 3700 759 3758 aliis
778 3700 866 3758 robus
887 3699 1066 3771 exponendis
1085 3705 1147 3757 tum
1166 3701 1223 3758 hoc
1242 3717 1357 3772 quoque
1380 3701 1447 3758 loco
1473 3697 1505 3755 ab

338 3818 508 3882 temporum
528 3811 678 3868 erroribus
698 3825 801 3882 parurn
821 3824 941 3866 cavens:
964 3809 1149 3881 „Pompeius
1169 3810 1262 3881 inquit
1282 3808 1321 3884 (Ι,
1342 3812 1386 3880 24,
1410 3815 1446 3882 1),
1466 3807 1504 3866 his

340 3918 429 3976 rebus
457 3919 593 3989 cognitis,
619 3933 694 3989 quae
715 3922 799 3974 erant
810 3915 848 3973 ad
868 3914 1029 3973 Corfinium
1048 3922 1159 3988 gestae,
1171 3917 1297 3975 Luceria
1315 3917 1504 3989 proficiscitur

341 4024 498 4083 Canusium
526 4030 614 4096 atque
641 4025 708 4081 inde
737 4022 956 4083 Brundisium“.
986 4023 1062 4080 Nam
1090 4040 1157 4081 cum
1181 4023 1352 4092 Corfinium,
1373 4031 1504 4096 utsupra
